1796 3120
167 72 269 114 PRO
299 71 707 133 HYPOTHESIBVS
738 69 984 116 moNrsu
1010 72 1304 115 -HALICARM
1364 75 1481 140 2633*
1508 52 1511 55 Χ

79 180 133 225 ab
159 179 319 231 Epocha
343 178 584 218 Varroniana
608 178 768 229 Epocha
786 177 1012 232 Capitolina.
1062 180 1142 218 Iam
1161 176 1276 230 supra
1296 178 1473 228 vidimus,

87 247 184 286 quot
211 235 302 274 locis
331 247 455 273 annos
473 234 672 287 Tarquinii
698 234 820 288 Pristi
848 237 1058 276 XXXVIII.
1088 234 1301 287 agnouerit
1327 235 1476 287 Diony-

73 291 177 345 stuss
221 291 309 330 Plus
329 287 420 329 dicit
438 292 479 329 L.
490 292 556 330 IV.
576 302 716 344 p.203.
735 320 744 329 .
764 321 772 329 .
796 305 860 346 30.
893 289 952 336 ἔτη
970 291 1007 330 δὲ
1037 291 1123 330 ὅκῚῶ
1141 291 1196 333 καὶ
1211 292 1391 339 τριάκοντα
1406 292 1472 335 viu

82 354 257 395 βασιλείαν
284 353 457 397 κατέσχεν,
490 346 533 389 αἷς
551 346 694 390 ἅπαντες
714 347 926 395 ὅμολογὲσιν.
978 349 1109 387 Multo
1134 357 1266 389 autem
1287 347 1472 399 Diony-fib

84 404 258 444 iuniores
280 401 378 449 sunt,
410 404 618 453 multoque
635 407 757 444 minus
776 403 951 452 accurati,
980 405 1047 456 qui
1065 418 1139 445 vno
1158 419 1205 456 pa
1215 405 1365 444 uciores
1384 405 1471 444 Pri·

72 462 133 514 sti
151 473 273 500 annos
295 470 517 499 numerant.
580 461 794 509 Vtcuuque
815 469 947 499 tamen
975 473 1197 507 numerum,
1225 458 1366 512 (qualis
1385 461 1472 500 fue-

84 519 133 556 rit
158 529 229 568 pro
257 525 396 554 mente
421 514 614 567 Dion-yffi)
647 515 773 554 firmat
787 513 897 564 sttus‚
927 528 1006 566 quo
1031 515 1138 554 hunc
1156 520 1185 556 I.
1209 517 1334 557 Seruii
1357 517 1474 557 Tullii

83 585 232 614 annum
258 570 444 610 commifit
473 583 560 610 cum
580 571 740 623 Epocha
770 570 1039 625 Olympiadum.
1092 572 1255 614 Tullium
1284 573 1392 613 enim
1419 572 1472 612 ait

83 625 295 670 succcffisse
314 631 450 673 ἐνιαυτςῖ
467 632 617 675 τετάρτῳ
634 630 694 670 τῆς
713 632 911 671 πεντηκοςῆς
924 629 1156 674 ’0)υμπιάδσς.
1188 632 1230 669 L.
1243 632 1310 669 IV.
1324 645 1360 682 p.
1376 637 1470 683 198.

82 687 184 725 Nam
202 684 243 722 in
263 684 374 723 illum
393 681 520 735 ipsum
539 683 638 722 illius
658 683 888 734 Olympiadis
905 697 1056 723 aunum
1076 686 1325 725 conueniunt
1343 687 1469 738 prima

83 741 212 781 Seruii
236 740 348 779 Tullii
368 738 510 787 Palilia,
538 739 580 778 in
600 737 736 779 nostris
752 739 901 781 Tabulis
930 753 1001 792 pro
1028 740 1205 796 Dionyfi'i
1222 753 1363 782 mente
1381 755 1471 782 con·

83 797 206 839 feffls.
263 799 372 836 Haec
390 795 530 835 obiter.

195 854 431 897 Caeterum,
473 863 512 890 vt
543 851 751 892 redeamus
779 852 828 893 ad
854 854 1008 894 initium
1042 854 1142 894 Belli
1168 867 1259 894 cum
1286 853 1470 904 Etruscis,

84 923 108 950 e
127 911 298 950 decennio
327 908 574 949 induciarum
601 906 732 959 elapso
751 909 828 949 hoc
841 911 869 948 Ι.
899 910 1026 950 Seruii
1051 923 1156 950 anno
1173 911 1272 951 illud
1302 921 1469 951 tantum-

84 967 202 1006 modo
231 964 464 1018 colligimus,
494 964 570 1003 hoc
593 967 714 1017 primo
736 963 870 1005 saltem
889 980 1004 1014 annu,
1025 980 1104 1018 quo
1121 971 1268 1008 ineunte
1290 966 1471 1006 nondum

83 1025 254 1062 exierant
282 1020 484 1067 induciae,
518 1021 697 1060 noudum
723 1018 863 1075 coepzffi
888 1023 1053 1062 Bellum.
1110 1024 1218 1063 Num
1245 1034 1378 1064 autem
1408 1023 1472 1062 vel

71 1080 238 1133 ficundo
267 1078 452 1129 coeperit,
479 1085 493 1109 f
513 1076 658 1116 andum
679 1077 770 1117 hinc
787 1078 962 1118 constare
981 1079 1226 1120 arbitramur.
1274 1079 1472 1121 Vicennale

84 1147 218 1177 autem
236 1130 350 1174 fuifi‘e
365 1132 504 1173 Bellum
521 1132 579 1171 bis
598 1131 724 1174 afferit
740 1135 952 1187 Diorgyfius.
989 1134 1103 1184 οὗτος,
1123 1136 1264 1188 inquit,
1290 1137 1309 1177 ὅ
1327 1136 1473 1183 πόλεμος

84 1192 187 1231 εἴκοσι
207 1196 358 1235 διέμεινεν
383 1190 444 1234 ἐ’τη
462 1191 608 1235 συνεχῶς
629 1187 858 1236 πολεμέμενος.
885 1193 1006 1233 LIV.
1027 1205 1169 1244 p.222.
1197 1192 1354 1233 Postea:
1387 1200 1471 1235 siue·

82 1252 127 1294 ςῷ
146 1249 174 1286 δ’
193 1243 237 1285 αὖ
263 1243 331 1286 ἔτει
348 1249 538 1286 συνελθέσοω
557 1245 655 1285 πάλιν
675 1252 713 1286 ὲῑὶ
730 1244 860 1286 δώδεκα
880 1245 1007 1298 πόλεις,
1027 1260 1100 1288 etc.
1144 1249 1369 1301 Vtrobique
1391 1261 1473 1288 ver·

81 1306 142 1345 bis
162 1301 322 1350 disertis,
341 1317 423 1342 nou
443 1312 574 1343 autem
602 1303 721 1343 literis
741 1304 1021 1344 numeralibus.
1077 1307 1141 1345 Ne
1160 1318 1238 1357 qua
1255 1306 1368 1358 poffit
1388 1304 1476 1345 sub.-

84 1359 164 1400 el'se
190 1357 351 1411 suspicio
377 1359 428 1398 de
447 1371 581 1398 errme
605 1360 778 1400 Librarii.
833 1361 934 1400 Inde
953 1372 1103 1401 certum
1121 1362 1187 1409 est,
1208 1373 1302 1401 ante
1322 1373 1473 1401 aunum

83 1417 206 1459 Seruii
224 1416 332 1456 Tullii
360 1414 493 1455 saltem
512 1417 592 1456 XX.
627 1418 767 1456 Pacem
785 1430 875 1456 cum
894 1417 1058 1468 Etr-ustis
1077 1419 1226 1459 nullam
1245 1416 1371 1465 suifi'e‚
1383 1430 1475 1457 cum

85 1475 297 1515 continuum
325 1472 423 1511 illud
465 1471 601 1511 Bellum
637 1470 821 1526 agnoscat
859 1471 1072 1525 Dionyfius.
1139 1478 1189 1515 Et
1216 1488 1273 1514 ne
1309 1475 1473 1527 quidem

89 1529 346 1582 Triumphum,
374 1541 495 1579 quem
513 1530 668 1569 tertium
686 1528 861 1582 agnoscit
887 1530 996 1570 idem
1014 1531 1228 1584 Dionyfiu5‚
1263 1543 1342 1582 quo
1362 1530 1474 1570 deni-

84 1600 166 1639 que
187 1585 427 1626 debellatum
448 1583 515 1624 est.
558 1588 609 1625 Et
626 1595 757 1625 tamen
774 1583 901 1638 ipsum
917 1587 1028 1626 illurn
1044 1587 1288 1642 Triumphum
1313 1587 1475 1626 tertium

84 1643 208 1684 Seruii
233 1641 344 1681 Tullii
387 1642 582 1688 vltimum,
622 1654 742 1692 quern
785 1644 964 1694 proxime
1013 1645 1215 1695 excipiunt
1245 1656 1306 1683 res
1340 1640 1474 1697 gestae
1509 1645 1516 1661 ¹

85 1715 108 1741 a
125 1698 327 1755 Tarquinio
344 1697 514 1750 Superbo,
537 1698 586 1738 ad
605 1711 755 1738 annum
772 1698 962 1751 Epochae
981 1698 1072 1740 suae
1090 1701 1245 1742 CXXC.
1269 1730 1277 1738 .
1300 1729 1309 1738 .
1330 1729 1338 1738 .
1361 1712 1475 1751 repo-

86 1764 190 1797 nunt
215 1753 314 1795 Fasti
335 1755 549 1806 Capitolini.
604 1757 813 1802 Numerus,
841 1756 912 1806 qui
930 1755 1047 1804 deest,
1073 1757 1234 1804 vltimu5‚
1257 1755 1410 1795 medius
1429 1753 1474 1793 fit

86 1820 245 1865 oportet
264 1810 370 1849 inter
380 1811 590 1851 CXXCVI.
619 1808 717 1861 (quo
724 1810 907 1862 ficundus
926 1812 1098 1852 refertur
1115 1813 1216 1853 illius
1235 1811 1482 1865 Triumphus)

87 1879 130 1909 et
147 1867 357 1908 CxxCIX.
389 1867 630 1918 Suppleatur
652 1879 749 1919 ergo
769 1881 957 1908 numerus
975 1871 1170 1909 maximus.
1227 1871 1289 1909 Ne
1311 1868 1476 1920 quidem

6 1963 7 1973 ,
87 1927 140 1966 ita
156 1923 263 1971 Belli,
284 1923 347 1961 vel
365 1923 494 1978 Regni,
515 1924 597 1963 XX.
617 1923 798 1974 attinget.
830 1927 913 1964 Nec
932 1937 1037 1964 auno
1057 1926 1158 1964 Belli
1174 1927 1305 1966 vltimo
1318 1925 1476 1964 Trium-

5 1974 7 2010 Ι
85 1980 212 2034 phum
239 1980 408 2019 vltimum
431 1978 695 2029 antiquiorem
721 1977 837 2019 fuisse
869 1979 1071 2019 verifimile
1093 1979 1158 2020 est.
1212 1981 1337 2033 Atqui
1366 1979 1479 2020 nulla

0 2014 8 2084 l
85 2034 242 2090 prorsus
267 2034 322 2074 est
345 2036 386 2076 in
413 2033 565 2075 Tahussis
591 2035 726 2075 nostris
754 2037 926 2088 Epocha‚
958 2049 1060 2088 quae
1078 2051 1227 2078 annum
1255 2039 1373 2079 Tullii
1394 2038 1477 2081 XX.

86 2105 192 2145 quae
211 2106 313 2132 anno
337 2091 458 2139 Vrbis,
491 2092 558 2143 qui
588 2090 632 2129 fit
650 2092 757 2133 CXC
777 2092 916 2141 minor,
946 2095 1171 2142 committat,
1199 2095 1350 2134 nedum
1368 2095 1476 2145 Capi-

88 2149 218 2190 tolina.
278 2147 356 2187 Nisi
383 2147 487 2187 forte
505 2147 707 2189 Fabianam
735 2146 850 2189 fuisse
876 2148 1122 2202 suspicemur,
1150 2149 1191 2188 iu
1221 2163 1299 2201 qua
1324 2162 1474 2189 annum

91 2203 208 2246 Tullii
238 2204 337 2256 (pro
357 2214 496 2244 mente
523 2202 638 2256 ipfius
659 2205 794 2260 Fabii)
834 2207 1105 2247 tantummodo
1133 2207 1223 2254 XV,
1253 2220 1341 2245 cum
1368 2218 1474 2245 anno

93 2258 200 2302 Vrbis
223 2266 300 2314 189
327 2257 568 2300 commifl'um
597 2261 786 2313 legimus,
818 2264 884 2312 qui
911 2263 1016 2301 idem
1042 2275 1147 2302 auno
1178 2262 1291 2303 Tullii
1309 2265 1379 2304 XX
1415 2273 1471 2317 res·

92 2314 270 2368 spondet,
288 2316 328 2355 in
348 2317 430 2357 aliis
451 2327 581 2356 tamen
601 2317 782 2368 Epochis‚
813 2319 1048 2359 Varroniana
1069 2316 1208 2358 scilicet
1227 2329 1348 2370 atque
1365 2317 1469 2374 Castf‘

91 2372 225 2413 tolina.
283 2371 344 2411 Sic
366 2370 500 2423 itaque
525 2369 682 2412 neceffe
702 2374 784 2420 erit,
817 2387 855 2414 vt
877 2375 1047 2414 rationes
1066 2374 1298 2426 alienas-suis
1314 2370 1467 2408 Μόθω-

90 2428 163 2467 bus
191 2426 459 2478 immiscuerit,
489 2429 560 2468 hac
584 2440 661 2468 tam
692 2431 805 2470 breui
837 2444 1032 2472 annorum
1061 2431 1284 2470 recenlimae
1319 2422 1470 2463 Αῑῐᾶῡὶ·

89 2483 339 2536 Capitolinus.
392 2485 436 2524 Id
463 2498 625 2534 quoque
668 2485 962 2528 obseruauimus
996 2487 1089 2528 alios
1119 2479 1246 2537 feciffe
1275 2479 1468 2519 Audores

90 2552 244 2579 veteres.
302 2541 388 2578 Hoc
404 2551 512 2579 certe
534 2539 601 2577 nifi
619 2541 800 2592 dicamus,
833 2543 932 2589 nihil
953 2544 1077 2582 video,
1093 2550 1171 2587 quo
1188 2536 1391 2586 Archetypi
1408 2546 1467 2574 er-

92 2608 157 2636 xor
177 2591 395 2644 excusetur,
407 2594 474 2637 njfi
493 2596 596 2635 sorte
611 2600 808 2639 communi
827 2600 958 2650 aliquo
968 2592 1279 2652 Ap2grapborum
1291 2592 1468 2653 omnium⁴

1322 2658 1466 2687 errore.

1384 2723 1404 2733 e
