1796 3120
105 163 208 205 PRO
243 161 648 206 HYPOTHESIBVS
682 163 921 205 DIONYSII
950 164 1238 207 HALICARN.
1296 176 1411 225 2717

19 268 279 322 singularibus
302 266 344 306 in
372 279 419 307 ea
444 266 553 309 causa
577 267 910 320 senatusconfiaeltis
938 279 1095 321 accepta
1126 269 1293 310 ferenda
1313 269 1405 319 effe,

23 339 107 366 non
126 333 258 365 autem
275 326 373 363 mori
392 335 563 376 recepto,
581 324 662 376 fine
678 324 1039 366 Senatusconsultis.
1099 327 1301 366 Conuenit
1318 341 1408 379 por-

25 395 80 429 ro,
101 380 207 431 quod
219 381 472 433 praecedentis
500 381 593 420 anni
618 381 709 433 Coff.
732 382 900 431 Caudina
922 381 1080 434 inlignis
1099 382 1189 421 labe
1209 393 1318 421 antea
1339 382 1410 422 ho-

24 449 164 477 norem
193 439 376 485 exuerint,
405 449 522 488 quarn
542 436 703 476 Tribuni
720 437 840 476 Plebis
860 436 1035 477 eiusdem
1052 438 1156 484 anni,
1178 439 1245 490 qui
1264 439 1408 491 iugum

22 493 251 534 Samnitium
271 506 358 531 curn
378 491 592 543 Conficlibus
610 493 702 544 palli
724 492 897 533 fuerant.
955 495 1039 532 Nec
1057 494 1163 532 enim
1186 504 1278 534 ante
1299 495 1410 536 diem

21 548 237 590 Decembris
258 551 302 588 X.
328 561 496 588 munere
522 548 717 588 cedebant
733 548 898 588 Tribuni.
957 549 1078 596 Quod
1105 562 1197 587 vero
1222 550 1413 604 fingulari

20 604 338 656 Setzatusconfidta
367 602 521 644 assecuti
549 602 636 643 sunt
662 604 777 643 huius
799 605 892 644 anni
915 603 1009 656 Cossi
1034 615 1070 641 vt
1099 605 1163 643 die
1178 605 1266 649 alio,
1290 619 1410 657 quam

26 661 205 702 Kalendis
224 660 394 712 Idibufite
411 673 554 699 munus
571 657 877 711 auspicarentur,
906 659 980 698 hoc
999 670 1106 698 certe
1122 660 1171 700 ad
1189 661 1409 711 Successor&

23 716 206 771 mig1·affe
224 731 303 756 non
327 717 501 756 arbitror.
559 716 729 756 Proinde
751 716 877 756 Idibus
895 714 1173 769 Septembribus,
1194 718 1255 755 vel
1272 717 1409 757 Kalen·

23 774 82 815 elis
104 772 323 813 Oftobribus
351 772 433 811 illos
450 769 645 826 ficcceffiffe
675 772 917 811 crediderim.
976 772 1106 811 Potius
1128 782 1260 811 autem
1282 775 1410 814 Kalen-

25 831 83 871 dis
105 828 322 870 Octobribus
344 826 571 868 sueceffores
589 825 775 879 accepisse
795 829 970 875 arbitror,
992 828 1098 878 quod
1109 827 1239 868 Idibus
1252 829 1413 883 Septem·

24 885 150 928 bribus
171 885 348 924 nondum
368 884 561 923 vacauerit
588 896 724 922 eorum
744 883 1003 936 Magistratus.

137 940 223 982 Post
244 947 336 995 308.
376 942 397 960 '⁶
410 943 492 979 Nec
510 939 611 979 hanc
630 939 872 980 Dic‘laturam
887 953 958 991 pro
979 952 1082 979 anno
1100 938 1265 990 distinc‘to
1287 953 1410 994 agno-

0 1005 1 1012 *
24 996 93 1038 scit
113 998 252 1045 linitas,
281 1008 355 1034 nec
376 996 534 1047 Epocha
554 996 690 1046 (quam
712 995 903 1051 sequitur)
928 997 1146 1036 Catoniana.
1194 997 1255 1036 Sic
1274 1008 1410 1037 tamen

27 1054 81 1094 de
111 1066 156 1094 ea
185 1053 369 1104 loquitur,
400 1050 504 1102 quafi
533 1051 638 1091 illam
662 1050 912 1105 agnouissent
956 1065 1206 1100 monumenta,
1239 1065 1411 1103 quorum

25 1108 147 1149 fidem
167 1108 220 1150 est
242 1107 404 1157 secutus,
426 1100 654 1159 Originalia.
705 1107 881 1161 Accepisse
900 1108 991 1147 dicit
1001 1108 1279 1148 Dic'iatorem‘a
1298 1110 1413 1148 Mar-

26 1168 83 1207 tio
105 1165 259 1216 Confide
276 1178 414 1204 veteres
430 1163 572 1204 milites.
590 1167 652 1204 IX.
665 1176 728 1217 39.
766 1167 842 1204 Vel
862 1164 957 1203 inde
976 1164 1237 1217 intelligimus,
1250 1164 1412 1217 elapsum

30 1220 110 1262 effe
137 1223 279 1263 Martii
298 1219 546 1270 Confitlatum,
574 1229 615 1257 et
644 1221 810 1271 proinde
837 1221 1013 1272 collegae
1032 1219 1153 1260 Fabii.
1212 1220 1274 1261 Sic
1299 1221 1410 1260 enim

30 1288 210 1330 tempore
230 1277 476 1330 Magistratus
498 1275 616 1329 elapso
645 1289 728 1314 mos
752 1287 835 1316 erat
851 1277 999 1316 tradere
1019 1274 1292 1315 successoribus
1312 1290 1412 1316 exer-

31 1337 137 1375 citus.
196 1337 288 1374 Non
306 1334 402 1371 item
419 1346 537 1379 antea,
565 1332 625 1370 vel
642 1334 775 1371 maiori
796 1332 976 1371 Potestati
992 1332 1240 1372 Dictatoriae.
1299 1333 1410 1371 Male

28 1391 215 1432 meritum
233 1391 322 1431 Cos.
341 1390 545 1428 Minucium
564 1388 664 1427 iuffit
683 1388 877 1441 Qinc‘tius
894 1390 1134 1428 Cincinnatus
1152 1388 1325 1427 Dic‘tator
1343 1387 1412 1427 ab-

29 1448 162 1488 dicare.
193 1448 351 1487 Liv.III.
374 1457 438 1497 29.
495 1445 595 1484 Tale
624 1454 756 1483 autem
783 1444 881 1482 nihil
906 1445 1079 1483 obiicere
1106 1444 1234 1496 potuit
1261 1444 1416 1485 Martio

29 1505 226 1558 Papyrius.
271 1503 405 1557 Legati
424 1511 556 1541 tamen
572 1513 739 1539 munere
760 1499 1003 1552 fungebatur
1019 1502 1059 1539 in
1079 1499 1280 1551 proprium
1299 1512 1412 1538 exer-

29 1561 161 1606 citum,
192 1558 258 1599 sed
286 1557 355 1598 sub
383 1557 595 1598 Dielatoris
621 1556 804 1609 auspiciis,
833 1556 938 1594 idem
972 1556 1038 1594 ille
1061 1558 1266 1596 Minucius.
1322 1553 1412 1590 Hoc

30 1627 163 1658 autem
182 1613 264 1668 ipso
282 1614 443 1653 nomine
463 1615 594 1668 Legati
611 1612 856 1652 Maiestatem
879 1610 1036 1648 honoris
1060 1605 1269 1656 Conficluris
1286 1605 1412 1645 immi-

30 1683 167 1713 nutam
196 1669 275 1710 ess'e
304 1669 458 1710 constat.
518 1669 644 1708 Aliter
670 1672 778 1700 certe
810 1659 885 1700 suis
913 1673 1118 1712 praeerant
1149 1660 1411 1713 Confitlaribus

33 1728 280 1768 exercitibus.
300 1724 453 1762 obnoxii
472 1717 633 1769 quidem
651 1718 821 1769 ltnperio
842 1717 1064 1763 metatoris,
1085 1730 1156 1769 per
1177 1729 1301 1757 totum
1315 1719 1411 1758 con-

17 1779 170 1828 fltlatus
197 1788 356 1820 annum,
384 1784 517 1814 contra
542 1787 660 1824 quam
686 1774 861 1813 videmus
888 1773 927 1811 in
954 1773 1119 1813 Marcio.
1175 1777 1224 1813 Et
1253 1773 1414 1814 Fabium

31 1833 154 1872 eodem
171 1844 265 1870 anno
284 1830 484 1882 confidem,
513 1842 591 1880 quo
607 1831 786 1869 Dic‘lator
817 1839 899 1868 erat
919 1830 1111 1882 Papyrius,
1132 1828 1263 1869 censet
1283 1831 1414 1870 Liuius

30 1892 96 1930 IX.
112 1901 180 1940 40.
226 1884 516 1928 Obseruauerat
535 1896 740 1936 praeterea
762 1885 892 1924 Liuius
917 1885 957 1922 in
976 1886 1209 1925 Aucloribus
1231 1884 1314 1932 suis,
1327 1899 1414 1926 con·

33 1948 218 1987 tinuatum
243 1941 370 1989 Fabio,
398 1941 444 1981 ob
467 1945 604 1997 egregie
626 1943 869 1995 perdomitam
896 1941 1132 1987 Heu-uriam,
1162 1943 1289 1988 illum,
1328 1952 1408 1992 quo

34 2012 119 2041 tum
139 1999 390 2052 fungebatur,
410 1997 594 2037 honorem.
653 1998 797 2036 Retulit
813 2007 946 2037 autern
971 1998 1017 2036 ad
1040 2002 1268 2051 proximum,
1289 2006 1411 2046 quem

33 2071 122 2097 cum
145 2056 295 2107 collega
314 2054 424 2106 gessit
440 2053 570 2099 Decio,
582 2051 847 2093 Consulatum.
905 2051 1022 2103 Quali
1042 2055 1221 2093 nimirum
1242 2051 1411 2092 continui

33 2113 206 2152 inuicem
233 2109 392 2151 fuiffent
417 2110 495 2149 duo
515 2110 569 2148 illi
588 2109 693 2149 Fabii
713 2108 944 2160 Confidatus.
1003 2111 1215 2161 Perperam
1236 2108 1414 2155 omnino,

35 2182 110 2209 nec
127 2180 197 2219 pro
214 2165 386 2218 ipsorum
406 2165 600 2205 sententia
615 2166 826 2205 Austorum.
856 2164 1022 2210 Oblitus,
1045 2175 1081 2203 vt
1099 2165 1259 2211 videtur,
1280 2176 1412 2201 exem-

34 2225 91 2276 pli
117 2222 273 2263 Publilii
301 2222 484 2262 Philonis.
540 2221 769 2275 Singularem
805 2223 845 2259 in
871 2221 956 2267 illo,
987 2218 1208 2259 obseruauit
1244 2216 1324 2269 ipse
1352 2218 1412 2256 Li-

34 2280 136 2326 vius,
160 2282 458 2334 prorogationem
488 2279 639 2330 Imperii
663 2291 737 2317 non
762 2291 848 2316 ante
873 2279 913 2316 in
950 2275 1018 2315 vllo
1035 2276 1190 2326 fizc‘iam.
1220 2276 1323 2316 VIII.
1342 2276 1412 2317 26.

37 2338 126 2376 Hoc
141 2335 191 2374 ita
212 2335 302 2375 alibi
330 2335 505 2386 explicat,
536 2348 580 2373 vt
606 2348 683 2373 cum
710 2333 909 2385 Confidam
935 2331 1056 2383 ahilfi‘t
1081 2332 1261 2371 Publilius
1287 2328 1414 2377 Phil0,

37 2389 245 2440 Proconsitl
267 2405 342 2430 rem
357 2404 511 2446 gereret.
530 2393 634 2431 vul.
649 2403 712 2441 23.
744 2402 818 2428 nec
847 2389 896 2428 de
915 2401 1084 2428 cot—innuo
1103 2386 1297 2427 intellexit
1323 2385 1414 2436 (qui

36 2450 230 2487 continuus
255 2447 382 2486 nullus
420 2451 528 2501 erat)
579 2447 744 2486 Philonis
777 2443 986 2484 consulatu.
1047 2444 1197 2483 Eodem
1229 2442 1415 2493 exemplo

38 2502 155 2544 Fabio
175 2505 427 2543 continuatum
445 2501 682 2553 Consitlatum
702 2500 877 2541 discimus
895 2513 918 2538 e
940 2499 1052 2541 Fastis
1072 2499 1299 2552 Capitolinis.
1323 2501 1413 2537 Non

39 2558 325 2610 quidem,quafi
346 2559 564 2610 conficimus
595 2557 751 2611 gefl‘erit
771 2561 968 2604 continuos,
1002 2553 1066 2594 sed
1091 2556 1195 2606 quod
1219 2554 1334 2593 medio
1356 2554 1415 2591 in-

40 2625 100 2654 ter
118 2615 331 2665 Confidatm·
358 2628 471 2662 anno,
504 2615 719 2666 Potestatem
747 2614 873 2653 adhuc
894 2611 1140 2661 Confiilarcm,
1168 2611 1214 2649 ad
1248 2610 1415 2649 Philonis

40 2671 278 2721 exemplum,
297 2671 504 2709 retinuerit
527 2672 566 2709 in
597 2671 755 2723 Imperio
775 2669 980 2719 Conficluri.
1039 2670 1073 2706 N
1077 2680 1137 2706 am
1156 2664 1415 2717 Proconsitlem

37 2726 207 2774 Fabium,
233 2740 314 2764 non
342 2727 538 2777 confidem,
557 2726 773 2780 agnoscunt
799 2725 893 2767 Fasti
926 2724 1145 2776 Capitolini,
1178 2735 1262 2759 cuni
1284 2734 1415 2759 trtum-

37 2783 180 2838 phar-et.
237 2783 385 2822 Eadem
411 2784 529 2834 plane
550 2783 694 2833 forma,
727 2795 802 2833 qua
824 2780 1013 2822 Philonem
1031 2780 1144 2819 etiam
1162 2790 1266 2816 anno
1279 2789 1417 2831 proro-

93 2851 133 2880 υ.
146 2851 188 2880 u.
200 2850 241 2881 Α,
252 2851 290 2881 n.
301 2851 407 2882 vor..
420 2841 488 2880 lv.
872 2841 909 2877 A
920 2852 938 2876 a
950 2852 970 2876 a
1331 2832 1418 2890 gari

1781 481 1791 802 ⁴....,..g,—-..-.---A0----—-----
