1796 3120
322 102 429 164 z69g
481 113 672 153 NOTAE
700 113 776 151 AD
809 111 1080 152 CHRONOL.
1114 111 1638 154 GRAECO-ROMANAM

314 218 529 258 admodum
560 216 748 256 defueritl
765 229 786 253 a
812 212 902 265 iusto
931 214 1024 253 anni
1044 213 1180 255 Ciuilis
1205 215 1335 254 modo.
1389 215 1536 254 Multos
1563 216 1698 253 innuit

312 274 453 314 Liuius
471 270 585 313 fuisse
603 271 744 322 menses.
762 272 827 308 III.
839 283 904 323 40.
960 273 1046 309 Hoc
1065 270 1170 309 forte
1193 269 1326 309 laxius.
1365 273 1526 321 Propius
1545 271 1592 309 ad
1611 284 1696 309 cau·

315 331 395 372 sam
414 329 513 376 facit,
544 328 660 379 quod,
695 340 782 365 cum
809 326 933 377 primo
960 341 982 366 a
1001 324 1244 364 Decemuiris
1275 338 1555 366 conuocaretur
1578 328 1696 365 Sena-

317 399 388 433 tuS‚
409 399 504 425 anno
528 387 600 422 iam
624 392 736 436 prope
747 382 923 421 Senatum
940 395 1014 420 non
1035 380 1190 433 habui-‘ffb
1209 380 1396 419 dicantur.
1417 385 1479 421 ΙΙΙ.
1492 395 1554 435 39.
1574 381 1696 429 Quod

316 455 400 483 non
429 441 479 480 de
509 440 595 486 alio,
616 452 732 489 quam
752 441 877 485 tertio,
898 438 1197 476 Deeemussiratus
1223 451 1320 476 anno
1340 438 1503 489 intelligi
1530 445 1693 489 poterat.

316 499 379 540 Sic
396 510 493 536 anno
514 497 588 534 iam
606 508 689 533 ante
706 493 933 549 Magistrum
952 492 1085 545 abiiffe,
1108 493 1243 531 volunt
1264 492 1431 532 Valerius
1448 503 1486 531 et
1504 493 1695 532 Horatius.

316 557 384 595 III.
398 564 463 605 51.
502 551 565 590 Ab
587 550 657 588 illis
680 551 865 589 nimirum
883 549 1010 589 Idibus
1028 551 1156 595 Maiis,
1185 549 1324 598 quibus
1346 562 1470 588 annus
1489 550 1696 587 Decemui-

318 620 420 650 ratus
440 605 716 647 terminabatur.
772 607 835 647 Sic
853 607 967 658 Appii
985 605 1131 645 Claudii
1149 606 1256 656 impie
1283 604 1497 657 nefarieque
1516 616 1583 657 per
1599 603 1697 643 bien-

317 668 419 706 nium
438 663 525 713 austa
551 671 741 701 memorat
759 659 967 702 Accusator
986 663 1109 713 Appii,
1123 661 1327 715 Virginius.
1350 663 1413 700 III.
1430 663 1492 713 56.
1543 664 1598 699 Ita
1619 674 1696 699 rur-

318 720 380 762 sus
398 720 441 759 in
463 719 576 757 huius
595 720 710 770 Appii
733 718 967 769 progeniem
987 718 1027 757 P.
1040 717 1272 770 Sempronius
1284 717 1394 755 Trib.
1407 716 1590 763 Pleb.En,
1601 715 1698 771 Qi-

319 780 420 823 rites,
439 774 536 815 illius
557 775 668 827 Appii
682 775 885 830 progenies,
906 775 970 826 qui
982 773 1180 813 Decemuir
1195 775 1236 812 in
1251 786 1385 812 annum
1405 786 1557 820 creatus,
1578 773 1697 811 altero

317 832 470 882 anno-se
486 829 559 884 ipse
580 832 743 869 creauit:
769 832 883 869 tertio
907 843 969 868 nec
989 829 1034 868 ab
1043 829 1097 879 ft,
1118 843 1181 868 nec
1199 828 1242 868 ab
1262 828 1334 880 ullo
1356 842 1506 875 creatus,
1525 833 1700 881 priuatus

309 889 437 941 fiisces
463 901 498 926 et
518 889 707 938 imperium
730 884 889 924 obtinuit
903 901 917 922 :
951 898 1011 924 nec
1031 899 1114 925 ante
1139 886 1386 925 continuando
1408 886 1551 937 abstitit
1571 886 1700 940 Magi-

308 944 442 998 stratu,
471 956 579 996 quam
607 943 805 982 obruerent
830 955 907 979 eum
925 942 1015 981 male
1034 955 1175 981 retenta
1195 942 1363 995 Imperia.
1393 945 1531 994 IX.34.
1613 942 1616 944 ’

430 998 629 1040 Decembri
668 1009 803 1036 vetere
841 997 954 1035 huius
988 998 1079 1036 anni
1111 998 1245 1047 Cyclici
1270 998 1472 1036 iniuerunt
1500 996 1699 1047 sequentis

319 1056 414 1097 anni
433 1066 509 1095 tam
536 1055 702 1103 Tribuni,
731 1066 848 1103 quam
874 1053 1056 1104 Confitles,
1077 1067 1148 1104 pro
1173 1052 1333 1105 Epocha
1358 1055 1576 1094 Catoniana.
1619 1053 1698 1094 Sed

320 1125 425 1154 anno
443 1111 584 1150 Iuliano
604 1110 787 1164 sequenti.
847 1109 905 1148 Ibi
929 1122 1026 1161 ergo
1044 1111 1276 1160 quaerendi.

431 1170 525 1220 446.
553 1165 764 1206 Decembris
785 1165 924 1203 veteris
942 1165 1006 1204 die
1027 1167 1073 1204 X.
1092 1166 1264 1206 Ianuarii
1285 1166 1427 1205 Iuliani
1445 1168 1491 1204 V.
1513 1179 1616 1205 anno
1630 1165 1699 1215 Cy-

320 1225 368 1263 eli
385 1224 486 1264 XVI.
516 1223 659 1262 ineunt
679 1220 835 1261 Tribuni
855 1219 982 1268 Plebis,
1004 1235 1075 1273 pro
1107 1221 1320 1261 rationibus
1342 1223 1568 1262 Catonianis.
1602 1221 1700 1261 Pon-

319 1277 414 1329 tifice
431 1280 609 1319 Maximo
631 1279 787 1319 Comitia
806 1275 967 1322 habente.
995 1278 1222 1331 Liv.IH.54.
1254 1278 1376 1317 Addit
1395 1279 1521 1316 idem:
1565 1276 1701 1328 Confi-

309 1336 399 1388 stim
417 1337 458 1375 de
480 1334 693 1385 Consulibus
713 1334 878 1373 creandis
895 1347 972 1372 cum
987 1337 1250 1385 prouocatione
1267 1334 1328 1373 M.
1348 1333 1515 1373 Duellius
1536 1336 1700 1387 rogatio·
1731 1361 1736 1365 -

316 1407 399 1431 uem
418 1392 589 1443 pertulit.
647 1393 801 1440 Nempe
820 1389 1022 1428 confestim
1042 1393 1135 1428 inito
1146 1389 1361 1438 Tribunatu,
1384 1401 1420 1428 vt
1438 1389 1557 1441 paulo
1583 1400 1699 1430 antea

317 1447 523 1487 almbtauit
548 1448 652 1486 idem
680 1448 819 1485 Liutuz
874 1448 995 1484 Erant
1016 1457 1111 1497 ergo
1131 1447 1171 1484 in
1190 1445 1419 1498 Magistratu
1435 1447 1510 1486 iam
1536 1444 1699 1492 Tribuni,

304 1512 407 1542 'cum
425 1503 656 1555 Plebiscitum
676 1503 911 1541 conderetur
930 1501 977 1539 de
1001 1501 1177 1540 creandis
1198 1501 1422 1552 Consulibus,
1451 1514 1547 1552 quos
1564 1512 1699 1541 tamen

317 1559 502 1600 Tribunos
532 1568 727 1610 perpetuo
756 1557 820 1595 die
842 1557 1054 1596 Decembris
1074 1561 1117 1596 X.
1147 1556 1302 1596 i‘ninifi’e
1330 1558 1460 1596 docuit
1489 1557 1697 1609 Dionyst'us.

318 1616 489 1655 Proinde
512 1615 637 1668 postea
657 1612 847 1654 Consules
869 1626 1010 1652 creatos
1034 1611 1147 1651 fuifl'e
1176 1611 1332 1651 necefl'e
1354 1612 1418 1651 est.
1476 1617 1629 1655 Moram
1648 1623 1700 1653 ta-

315 1684 412 1711 men
434 1672 643 1711 admodum
664 1670 806 1709 breuem
819 1667 930 1707 fuisse
952 1669 1066 1707 docet
1086 1681 1157 1706 vox
1176 1669 1373 1721 ⁶⁰⁷2s'32st1'm·
1404 1669 1482 1710 Sed
1503 1681 1577 1707 nec
1593 1683 1700 1709 mora

317 1728 392 1767 vlla
409 1729 512 1766 inter
533 1728 732 1765 decretum
755 1728 959 1780 initumque
979 1723 1228 1775 Consulatum.
1281 1729 1428 1764 lterum
1448 1724 1597 1763 Liuius:
1625 1726 1701 1765 Per

315 1784 545 1839 Interregem
568 1783 694 1821 deinde
714 1779 884 1834 Consules
911 1783 1031 1828 creati,
1062 1781 1191 1820 Lucius
1212 1780 1377 1820 Valerius
1396 1794 1431 1820 et
1443 1780 1602 1820 Marcus
1621 1782 1699 1820 Ho-

316 1843 457 1888 ratius,
489 1842 552 1892 qui
577 1837 752 1890 extemplo
785 1836 1049 1892 Magistratum
1077 1849 1299 1890 occeperunt.
1338 1840 1404 1876 ΙΙΙ.
1426 1849 1490 1889 55.
1547 1838 1699 1878 Eodem

319 1908 417 1948 ergo
436 1898 505 1943 die,
527 1908 604 1945 quo
626 1893 711 1933 sunt
731 1893 923 1948 defignati,
952 1894 1069 1931 etiam
1086 1892 1234 1932 inibant
1254 1891 1456 1933 Consules.
1523 1893 1697 1932 Omnino

318 1953 449 1992 Idibus
467 1950 741 1996 Decembribus,
769 1950 909 1999 quibus
927 1949 1023 1987 anni
1042 1950 1241 1989 Catoniani
1260 1961 1351 2002 312.
1372 1948 1540 2000 Conficles
1557 1949 1700 2002 iniuiſjb

320 2009 471 2054 docuit,
502 2018 540 2045 vt
565 2008 681 2045 modo
716 2005 886 2053 vidimus,
927 2004 1138 2057 Dionysius.
1194 2006 1304 2045 Vltra
1333 2015 1440 2043 certe
1469 2003 1616 2044 differri
1645 2018 1699 2045 ne

321 2065 483 2113 quidem
503 2060 690 2115 potuisse,
721 2061 867 2099 exinde
885 2060 1118 2112 colligimus,
1147 2060 1254 2111 quod
1274 2060 1321 2099 ab
1340 2061 1528 2115 Interrege
1551 2071 1698 2101 creatos

323 2120 498 2173 Confitles
517 2118 676 2157 testetur
698 2118 834 2155 Liuius.
867 2117 929 2157 Sic
946 2116 1129 2167 loquitur,
1152 2115 1257 2167 quafi
1274 2118 1372 2155 vnici
1391 2117 1589 2170 Interregis
1606 2129 1698 2167 ope-

321 2190 363 2215 ra
388 2176 429 2213 in
451 2174 626 2214 creandis
650 2171 866 2224 Consulibus
894 2170 1172 2210 interceffiffet.
1228 2173 1271 2211 ld
1301 2173 1408 2210 enim
1437 2171 1570 2210 sedulo
1600 2169 1698 2211 solet

323 2229 531 2269 obseruare
555 2228 702 2275 Liuius,
735 2228 760 2266 fi
786 2228 888 2267 forte
908 2241 1077 2278 vnquam
1095 2238 1225 2267 tantae
1243 2225 1403 2267 fuiffent
1420 2228 1461 2265 in
1479 2227 1697 2282 Interregno

322 2299 465 2331 morae,
487 2297 524 2323 vt
534 2288 678 2337 primus
698 2285 872 2326 Interrex
887 2281 1119 2322 Consulibus
1138 2281 1383 2334 defignandis
1404 2296 1484 2321 non
1494 2281 1696 2334 suffecerit.

323 2341 517 2392 Quinque
545 2351 676 2379 autem
697 2340 968 2379 tautummodo
988 2338 1140 2376 dierum
1157 2337 1319 2388 spatium
1333 2337 1488 2392 fingulis
1509 2340 1699 2379 concede-

322 2398 437 2437 batur
456 2395 717 2450 Interregibus.
775 2395 944 2435 Proinde
962 2394 1061 2432 intra
1082 2397 1247 2446 quintum
1270 2396 1493 2446 lutei-regni
1512 2397 1604 2434 diem
1619 2396 1698 2436 iam

323 2463 437 2492 erant
452 2453 495 2491 in
519 2450 645 2490 officio
665 2450 846 2500 Confieles.
888 2449 1031 2499 Coepit
1050 2461 1181 2487 autem
1200 2450 1457 2503 Interregnum
1477 2451 1523 2489 ab
1544 2451 1696 2490 eiurato

319 2511 428 2548 tertii
456 2508 546 2548 anni
567 2507 842 2545 Decemuiratu.
897 2508 1026 2544 Antea
1055 2517 1108 2543 ne
1127 2506 1286 2555 quidem
1311 2506 1499 2545 Tribunos
1520 2504 1698 2545 sufficere

321 2564 468 2604 licebat.
524 2567 748 2612 Vtrumque
778 2561 883 2599 enim
909 2574 1053 2598 munus
1081 2562 1122 2598 in
1146 2559 1183 2599 se
1202 2561 1530 2611 compleuebatur
1548 2563 1699 2602 Decem-

320 2623 477 2669 viratus,
510 2629 587 2660 tam
610 2617 876 2667 Tribunitium,
896 2629 1012 2667 quam
1032 2618 1148 2657 etiam
1168 2617 1377 2669 Conficlare.
1428 2618 1508 2659 Sed
1528 2631 1617 2657 vero
1636 2617 1698 2656 Se-

1573 2686 1698 2715 natus·
1717 2704 1723 2709 -
