1796 3120
157 99 259 138 PRO
289 95 700 138 HYPOTHESIBVS
732 95 974 138 DIONYSII
1004 98 1289 139 HALICARN.
1347 104 1458 156 2653

75 202 118 244 Si
137 213 286 254 nempe
310 202 391 240 veri
415 200 470 239 illi
501 198 664 240 fuiffent
696 204 786 241 anni
813 201 854 240 in
885 201 1043 253 Epocha
1071 198 1156 253 fixa
1186 192 1455 256 Olympiaclum.

19 266 28 284 -’
78 261 186 298 Haec
226 255 354 295 nostra
383 266 467 294 erat
502 254 724 296 obseruatio
758 254 851 296 Diff.
874 260 918 297 X.
951 257 1002 296 de
1039 260 1136 307 Cycl.
1163 273 1200 297 11.
1230 272 1319 302 102.
1375 262 1457 301 Sed

76 313 164 353 fieri
189 311 325 365 potest,
357 323 394 350 vt
420 325 443 366 o
463 310 648 364 Cofffitu
675 325 747 363 pro
775 312 935 363 Epocha
969 315 1172 353 Catoniana
1202 329 1324 355 annos
1351 315 1454 368 ipsos

15 402 17 405 Α
74 369 336 420 Olympiadum
355 369 587 419 collegerint
608 370 775 408 Cumani.
834 368 937 407 Hine
959 379 1090 409 tamen
1112 371 1208 410 illud
1231 369 1363 411 saltem
1391 386 1456 424 ap-

74 435 197 478 paret,
225 424 367 474 omissos
395 439 415 463 a
435 425 544 462 Liuio
572 423 686 463 huius
713 424 807 462 anni
829 424 924 475 Coss
952 437 1092 465 reuera
1122 424 1200 465 effe
1223 426 1456 467 inserendos

75 494 148 533 pro
168 479 379 520 rationibus
403 480 629 519 Catonianis.
686 479 900 518 Caeterum
931 480 981 518 de
1004 480 1075 519 hac
1094 482 1364 535 Chronologia
1385 485 1454 523 Cu-

73 550 183 578 mana
202 536 313 587 plura
337 536 409 574 vid.
429 549 518 574 ann.
537 548 630 589 490.
687 534 838 588 Qarto
855 549 951 574 anno
966 536 1041 587 pos}
1061 537 1173 592 Reges
1194 539 1349 586 exustos,
1377 553 1456 579 cum

73 592 206 632 Sabim·
227 593 403 631 Romanis
422 590 559 629 Bellum
575 591 690 630 intuli
718 593 788 637 int,
817 591 1021 642 vic‘tist'ttzt,
1052 605 1087 631 et
1107 594 1148 632 de
1167 592 1223 633 his
1250 593 1298 645 est
1325 597 1457 636 trium-

68 649 236 704 phatum.
259 651 418 698 Eutxop.
443 650 664 699 perperam.

188 717 280 758 503.
316 703 515 755 Tarquinii
532 701 689 753 Superbi
715 716 805 742 ann.
826 699 961 751 Exfilii
979 705 1025 741 V.
1045 704 1167 744 Aetne.
1190 707 1340 745 LXXX.
1364 708 1454 748 vid.

78 759 208 801 Tabul.
231 759 295 799 vbi
317 770 441 798 annus
460 755 588 807 Exstlic'
606 762 654 800 V.
668 756 890 812 agnoscitur
909 769 948 797 et
961 758 1103 812 Olymp.
1125 764 1190 813 69.
1217 762 1315 800 Belli
1326 762 1461 803 Sabini

77 815 308 857 Consulatus
327 819 354 855 l.
417 816 560 870 Qinto
586 829 684 854 anno
717 815 884 855 Valerius
900 816 968 861 ille,
999 815 1113 855 Bruti
1143 816 1291 867 collefga,
1332 832 1367 858 et
1386 823 1453 862 IV.

77 870 409 926 Confitl,fiztaliter
427 883 606 923 mortuus?
620 870 849 921 esl.Eutrop.
879 869 997 911 Falso.
1230 864 1250 873 ⁵

186 940 277 982 502.
307 926 502 980 Tarquinii
520 926 676 980 Superbi
693 940 782 967 aun.
801 925 934 979 Exfilii
951 930 1014 968 VI.
1027 928 1152 968 Aemi.
1171 930 1338 970 LXXXI.
1358 931 1457 970 Belli

73 984 205 1025 Sabini
225 981 458 1025 Consulatus
482 985 532 1022 II.
798 1004 801 1009 ·

188 1052 279 1092 501.
314 1039 512 1092 Tarquinii
539 1037 695 1091 Superbi
718 1051 810 1078 ann.
849 1037 987 1090 ExfiYii
1011 1041 1093 1078 VII.
1118 1041 1242 1080 Aetat.
1272 1043 1456 1082 LXXXII.

74 1096 172 1138 Belli
206 1094 336 1136 Sabini
367 1093 601 1135 Consulatus
627 1098 690 1135 111.
716 1097 749 1134 Ε
778 1094 916 1134 diebus
953 1095 1248 1147 'Ii-iumphalibus
1273 1098 1358 1147 (qui
1387 1100 1456 1137 III.

73 1155 178 1200 Non.
207 1162 248 1191 et
275 1150 376 1190 Prid.
407 1153 510 1189 Non.
532 1151 655 1203 April.
679 1150 909 1189 referuntur
936 1150 977 1188 in
994 1152 1259 1191 Max-moribus
1279 1152 1459 1206 Capitoli-

73 1212 148 1261 nis)
168 1207 370 1259 probabile
393 1205 457 1253 est‚
481 1206 608 1246 adhuc
627 1207 765 1246 Palilia
790 1206 973 1245 ineundis
993 1206 1248 1257 Confitlazz'bus
1279 1210 1459 1262 legitima

73 1262 198 1306 fuiffe.
252 1268 374 1303 Anno
398 1263 503 1302 enim
524 1261 729 1303 Consulari
768 1276 921 1303 exeunte
954 1263 1163 1317 triumphos
1187 1262 1300 1303 fuiffe
1330 1264 1455 1304 verifi-

73 1322 279 1360 minimum
301 1317 365 1358 est.

187 1389 278 1429 500.
314 1375 513 1428 Tarquinii
528 1373 684 1428 Superbi
701 1389 791 1416 ann.
813 1373 947 1425 Exstlii
965 1377 1070 1415 VIII.
1098 1376 1226 1417 Aetat.
1247 1377 1453 1419 LXXXIII.

74 1433 171 1474 Belli
188 1432 316 1474 Sabini
335 1429 567 1471 Consulatus
583 1433 650 1470 IV.
672 1431 740 1482 qui
759 1442 799 1470 et
819 1432 981 1469 vltimus.

183 1501 278 1542 499.
310 1487 508 1541 Tarquinii
521 1487 674 1539 Superbi
691 1501 781 1527 ann.
795 1487 927 1538 Exstlzi·
946 1490 1008 1527 IX.
1020 1487 1145 1526 Aetat.
1166 1490 1372 1530 LXXXIV.

183 1551 278 1599 498·
316 1544 515 1597 Tarquinii
534 1542 687 1596 Superbi
708 1557 797 1582 ann.
819 1544 948 1596 Eafi'lii
969 1545 1011 1583 X.
1029 1545 1175 1582 Aetatis
1194 1546 1383 1584 LXXXV.

185 1613 279 1655 497.
309 1600 508 1652 Tarquinii
536 1599 691 1651 Superbi
725 1613 815 1638 ann.
836 1598 968 1651 Exfilii
995 1602 1056 1639 XI.
1088 1602 1213 1639 Aetat.
1248 1602 1453 1642 LXXXVI.

75 1660 141 1697 De
158 1670 200 1696 re
221 1654 326 1708 gesta
346 1653 414 1695 sub
443 1655 557 1695 huius
577 1656 671 1696 anni
693 1654 787 1706 Coff
811 1656 862 1695 ita
879 1656 1030 1696 Liuius:
1069 1656 1293 1708 Tarquinius
1323 1658 1455 1710 Super-

76 1713 154 1760 bus,
184 1725 391 1766 quanquam
407 1714 482 1752 iam
505 1725 626 1751 aetate
653 1726 688 1751 et
705 1711 850 1751 viribus
871 1726 951 1752 erat
967 1713 1122 1765 grauior
1141 1725 1212 1751 etc.
1237 1715 1283 1752 11.
1308 1725 1368 1765 19.

187 1772 273 1808 Hoc
304 1781 408 1807 anno
442 1768 635 1818 proelium
662 1768 713 1807 de
737 1767 916 1806 libertate
942 1767 1117 1806 omnium
1154 1768 1456 1809 celeberrimum

75 1825 124 1865 ad
141 1825 267 1863 lacum
284 1823 461 1878 Regillum
487 1824 598 1874 ponit
620 1823 755 1864 Liuius
772 1826 818 1862 II.
844 1835 904 1876 19.
962 1825 1053 1862 Non
1082 1833 1212 1862 tamen
1235 1823 1456 1872 diffimulat,

76 1878 190 1921 suffl'e
208 1880 311 1927 alios,
333 1880 401 1931 qui
419 1879 466 1918 ad
486 1878 581 1931 Coff
608 1882 716 1921 tertii
739 1882 830 1918 anni
861 1878 992 1930 postea
1012 1879 1207 1931 fi’quenti5
1240 1879 1326 1929 (qui
1359 1891 1455 1919 ante

77 1936 262 1988 Christum
285 1949 388 1975 anno
406 1947 499 1988 494.
558 1935 827 1988 Magistratum
853 1933 1072 1988 gefi'erunt)
1098 1935 1355 1974 referendum
1385 1949 1453 1986 po-

78 1995 151 2031 tius
178 1990 452 2031 existimarent.
509 1991 571 2031 Sic
600 1993 707 2031 enirn
734 1989 861 2030 rursus
891 1989 1030 2029 habet:
1069 1991 1150 2029 Hoc
1181 1992 1322 2030 demum
1355 2004 1455 2030 anno

74 2049 125 2089 ad
141 2047 324 2103 Regillum
349 2048 466 2087 lacum
484 2058 693 2102 pugnatum
718 2047 819 2099 apud
844 2045 1022 2100 quostiam
1047 2048 1205 2085 inuenio.
1231 2048 1276 2086 ΙΙ.
1299 2059 1364 2089 21-
1403 2049 1456 2086 Et

74 2102 465 2156 paucisjnterpefitis,
494 2103 620 2144 addit:
656 2105 770 2144 Tanti
786 2116 924 2142 errores
941 2102 1128 2155 implicant
1149 2114 1357 2153 temporum,
1388 2102 1458 2141 ali·

74 2174 133 2201 ter
149 2161 246 2213 apud
266 2159 358 2199 alios
377 2159 560 2198 ordinatis
577 2157 872 2214 Il‘Iagzstratibm,
899 2171 941 2197 vt
961 2172 1022 2197 nec
1045 2161 1110 2210 qui
1131 2157 1298 2209 Confides
1321 2162 1457 2212 ficun-

75 2217 161 2256 dum
181 2215 364 2269 quosdam,
394 2229 437 2254 ne
463 2216 556 2268 quid
573 2229 713 2270 quoque
734 2228 830 2254 anno
850 2216 968 2256 ac‘lum
986 2216 1046 2265 sit,
1079 2216 1119 2253 in
1146 2224 1251 2254 tanta
1277 2213 1458 2265 vetustate

75 2285 149 2311 non
168 2285 287 2311 rerum
311 2272 430 2320 modo,
451 2270 524 2322 fid
541 2275 652 2311 etiam
667 2272 890 2317 avidorum,
921 2271 1085 2324 digerere
1108 2267 1228 2324 poffis.
1262 2272 1455 2310 Errorum

75 2328 232 2367 illorum
259 2327 431 2374 sontem,
462 2340 538 2376 qua
564 2328 666 2374 licet,
699 2327 891 2379 expli<tnre
927 2338 1126 2365 conemur.
1184 2326 1358 2365 Annales
1380 2327 1455 2365 Ro·

76 2396 268 2422 manorum
284 2383 561 2433 antiquiffimos
581 2381 798 2433 Pontificum
815 2383 1086 2427 Maximorum,
1117 2394 1199 2419 non
1230 2381 1277 2419 ad
1297 2395 1457 2432 annuos,

76 2449 115 2479 vt
133 2437 275 2490 postea,
304 2438 564 2492 Magistratus,
593 2437 660 2478 sed
679 2440 728 2478 ad
746 2440 872 2477 clauos
891 2438 1125 2489 Capitolinos,
1159 2438 1317 2487 Templi
1344 2437 1454 2477 nimi-

78 2507 165 2533 rum
191 2494 402 2546 Capitolini,
421 2493 588 2546 digestos
608 2492 720 2543 (Difl'.
739 2498 784 2536 X.
806 2495 856 2533 de
877 2495 976 2544 Cycl.
998 2507 1034 2531 n.
1055 2506 1121 2545 74.
1139 2504 1204 2547 75.
1223 2496 1308 2544 76.)
1329 2492 1456 2531 osten-

78 2550 215 2590 dimus.
275 2549 380 2589 Claui
397 2561 530 2589 autem
551 2549 756 2601 Capitolini
777 2550 825 2589 ab
843 2549 921 2600 ipsa
944 2549 1124 2599 Capitolii
1153 2548 1307 2599 origine
1337 2545 1456 2587 arces-

75 2604 275 2647 sebantur.
324 2607 433 2644 Haec
453 2606 560 2644 enim
577 2606 736 2659 Epocha
753 2615 836 2645 erat
855 2604 1150 2656 Clu-onologiae
1167 2603 1350 2645 Romanae
1371 2602 1455 2653 post

129 2662 526 2704 n-u.A.R.v01..1V.
920 2663 955 2704 V
971 2674 993 2698 u
1347 2658 1454 2715 Regi-
