1796 3120
274 107 358 148 AD
396 106 930 153 CHRONOLOGIAM
964 107 1213 147 DIONYS.
1351 116 1463 171 2419

93 208 272 257 fecerint,
293 221 331 249 vt
351 211 440 251 alibi
458 210 718 263 probauirnus,
739 210 986 263 Atheniensis.
1043 212 1105 252 Sic
1125 211 1231 249 enim
1252 211 1292 249 in
1313 210 1459 261 aestatis

83 264 198 316 finem
226 267 430 317 quadrabit
459 267 538 305 dies
574 267 828 322 Thargelionis
853 281 968 307 xxm.
1026 270 1118 307 Erat
1139 267 1243 305 enim
1265 277 1371 304 certe
1394 266 1457 303 hic

90 335 215 361 annus
237 324 370 362 excidii
393 323 562 367 Troiani,
581 337 650 374 pro
669 323 802 362 nostris
818 323 926 375 Cycli
938 323 1123 364 Metonici
1141 322 1288 368 tabulis,
1301 324 1457 361 interca-

89 378 193 417 laris.
249 378 420 418 Alterius
441 391 536 431 ergo
557 377 683 417 solaris
700 379 976 434 Par-apegmatis
993 380 1153 418 alteram
1171 378 1271 418 hanc
1291 377 1458 428 aestatem

90 431 203 472 fuisse
236 432 390 472 neceffe
421 433 484 480 est,
513 447 628 483 quam
648 434 841 481 Metonici,
869 432 937 472 nifi
969 434 1072 473 forte
1093 436 1320 489 Parapegma
1342 431 1455 472 suum

91 490 303 527 correxerit
328 488 409 540 ipse
427 490 545 529 Meto.
602 492 684 528 Nec
707 491 831 528 multo
856 489 1024 540 proinde
1052 501 1142 528 ante
1168 502 1315 529 annum
1342 489 1453 540 Cyeli

87 544 278 585 Metonici
298 559 372 585 011.
399 545 503 596 (quo
523 547 607 584 loco
629 545 737 596 Cycli
754 545 941 584 Metonici
960 542 1139 583 srfffefflm
1158 544 1212 583 est
1231 545 1454 597 Calippicus)

86 599 185 639 haec
209 598 431 640 obseruauit
456 612 563 640 vetus
591 600 730 647 aufior,
763 614 786 638 e
814 613 891 650 quo
923 598 1020 638 haec
1039 599 1227 652 excerpfit
1244 598 1454 650 Dionffi'us.

85 657 191 694 Tum
217 654 466 703 scilicet,cum
487 655 680 695 obseruari
706 671 726 695 a
742 657 910 694 Metone
920 655 1077 706 solstitii
1096 655 1355 709 Cyclorumque
1370 656 1454 696 Me-

86 724 168 751 tone
188 712 453 761 antiquiorum
472 713 646 751 memoria
665 711 818 761 penitus
837 710 1101 750 intercidisset.
1134 714 1217 750 Nec
1238 712 1343 750 enim
1364 713 1453 750 alio-

86 769 154 818 qui
185 767 280 807 haec
309 767 482 819 epochae
513 764 777 820 antiquiffimae
800 777 976 816 tempora
1004 766 1163 806 fortasfis
1191 768 1239 805 ad
1257 767 1365 818 Cycli
1386 780 1454 806 nu-

79 825 162 876 peri
178 823 286 875 leges
310 821 500 875 exegiffet
524 824 653 863 austor
670 823 736 860 ille
752 821 937 873 Dionysii.
993 824 1079 861 Hoc
1098 835 1192 873 ergo
1219 825 1369 862 initium
1388 823 1451 862 ba·

86 879 261 918 bendum
281 877 334 916 est
354 867 676 929 anniDionjfi'ani
690 877 825 917 Graeci
843 877 1100 927 antiquissimi,
1121 888 1161 916 et
1181 879 1341 927 quidem
1362 892 1452 917 com-

85 948 191 974 mune
218 934 314 972 illud
341 947 426 972 cum
456 935 565 974 annis
596 935 868 988 Obmpiacinm,
900 934 967 985 qui
994 934 1110 973 etiam
1128 931 1195 985 ipfi
1211 934 1452 986 incipiebant

85 991 132 1031 ab
151 987 474 1029 Hecatombaeone.

194 1045 353 1084 Romani
386 1056 516 1084 autem
551 1045 663 1092 anni,
695 1058 814 1096 quem
850 1057 937 1084 cum
965 1044 1040 1084 hoc
1071 1044 1210 1085 Graeco
1247 1044 1604 1097 c011tenclitff33.An-

86 1099 292 1152 Dionjgfi'us·²
322 1100 427 1140 aliud
446 1112 527 1141 erat
552 1101 755 1141 exordium.
815 1101 989 1141 Omnino
1008 1111 1137 1141 tamen
1159 1101 1206 1140 ab
1224 1101 1295 1140 illis
1319 1094 1606 1154 obser-¹³¹,R'01'1‘1‘

86 1157 265 1204 vandum,
284 1156 423 1206 quibus
455 1157 653 1196 confilium
685 1168 767 1197 erat
800 1158 960 1197 Annales
1006 1168 1221 1196 contexere
1249 1138 1604 1213 Κοπιηηωζξὸζιὲζξ

85 1217 135 1253 Et
154 1226 243 1251 vero
262 1211 414 1252 Annali!
424 1226 465 1251 us
483 1212 692 1252 istiusmodi
712 1212 776 1253 sua
796 1215 983 1265 pleraque
1003 1223 1158 1264 accepta
1176 1212 1298 1252 refert
1318 1211 1584 1258 nosterordfium

83 1266 296 1319 Dionystur.
350 1268 429 1308 Sed
450 1270 703 1309 Romanorum
726 1269 938 1309 Annalium
957 1269 1081 1307 nullos
1101 1266 1215 1308 fuifl'e
1243 1266 1473 1307 verifimilea
1511 1273 1601 1305 Vere.

74 1325 150 1372 est,
171 1324 238 1376 qui
260 1340 281 1364 a
297 1323 460 1378 Sossitio
487 1338 635 1364 annum
657 1327 808 1365 Ciuilem
842 1325 1076 1363 ordirentur.
1130 1325 1193 1363 Ab
1213 1337 1316 1362 anno
1336 1326 1383 1364 V.
1405 1324 1450 1363 C.

86 1381 323 1421 Varroniano
348 1384 429 1423 600
453 1379 587 1420 mense
613 1381 790 1420 Ianuario
811 1381 962 1419 inibant
980 1383 1092 1420 annui
1116 1379 1363 1435 Magistratus
1385 1391 1450 1431 ge-

86 1433 228 1476 storum
247 1449 464 1476 annuorum
475 1438 669 1489 Eponymi‚
697 1450 784 1475 cum
803 1437 878 1476 iam
900 1435 1040 1474 eodem
1060 1433 1155 1474 efl'ct
1175 1436 1279 1473 inter
1296 1432 1452 1473 menses

83 1494 286 1540 Ianuarius,
318 1504 395 1542 quo
417 1488 626 1543 hodieque,
649 1491 736 1546 fi'tu.
774 1492 837 1532 Ab
856 1490 982 1532 Idibus
998 1493 1161 1532 Martiis
1182 1490 1451 1542 procedebant

85 1550 306 1596 etiam‚cum
318 1547 501 1587 scriberet
511 1547 647 1589 Fabius
659 1550 917 1598 Pia-”lonquem
929 1562 998 1600 pro
1008 1548 1239 1600 Scriptorum
1250 1544 1450 1599 antiquiffi-

85 1619 142 1644 mo
173 1604 291 1644 babet
319 1604 458 1642 Liuius.
487 1609 523 1645 A
543 1603 712 1644 Kalendis
742 1604 902 1644 Martiis
931 1605 1171 1656 incipiebant
1195 1603 1283 1642 anni
1314 1605 1450 1654 cyclici

83 1661 131 1702 ab
152 1673 199 1698 eo
219 1657 349 1699 saltem
379 1671 552 1713 tempore,
572 1675 650 1712 quo
677 1662 802 1699 locum
821 1661 992 1700 Ianuarii
1009 1659 1211 1699 mutabant
1227 1658 1451 1705 Decemuiri,

85 1715 113 1754 si
133 1715 290 1766 quidem
316 1714 406 1754 illud
440 1718 566 1768 potius
597 1719 745 1756 initium
771 1714 982 1769 agnoscere
1009 1715 1219 1755 maluerint
1247 1714 1447 1754 Anmdium

86 1771 315 1816 conditores,
345 1771 411 1821 qui
438 1787 544 1811 antea
565 1772 738 1819 vixerint,
762 1786 878 1822 quam
904 1785 980 1810 mos
1008 1781 1186 1821 receptus
1219 1768 1314 1810 esset
1341 1769 1446 1822 gesta

88 1826 248 1867 Annalia
265 1826 557 1879 M'agistratnum
572 1842 792 1868 annuorum
815 1827 1035 1866 nominibus
1064 1825 1313 1877 inilgniendi.
1367 1825 1446 1865 Sed

87 1882 134 1925 ab
156 1882 268 1922 Vrbis
290 1882 468 1922 conditae
484 1885 618 1924 Natali
650 1883 735 1934 (qui
765 1884 846 1922 dies
875 1893 957 1922 erat
978 1881 1230 1921 Kalendarmn
1255 1882 1448 1920 Maiarum

84 1943 161 1993 xl.)
186 1935 402 1989 proceffili'e
422 1938 724 1979 consentaneum
753 1938 806 1977 est
833 1951 956 1978 annos
986 1937 1094 1978 Vrbis
1116 1938 1303 1983 conditae,
1331 1937 1448 1991 abeo

88 1992 219 2034 saltem
244 2006 414 2044 tempore,
435 2008 513 2044 quo
541 1995 580 2032 in
608 1993 712 2034 vsum
739 1994 891 2035 Ciuilem
916 1993 1076 2045 Epocha
1111 1995 1173 2033 illa
1201 2003 1356 2044 recepta
1382 1989 1447 2037 est,

89 2062 190 2100 quae
214 2059 344 2088 tamen
363 2063 443 2088 non
463 2051 669 2090 admodum
690 2062 771 2090 erat
789 2051 958 2100 antiqua.
1015 2049 1089 2089 Suo
1112 2060 1241 2089 autem
1262 2059 1367 2087 certe
1387 2047 1449 2085 Se·

85 2106 164 2145 culo
185 2105 363 2144 Natalem
382 2105 490 2144 illum
516 2104 727 2144 solenniter
747 2104 995 2144 obseruatum
1025 2103 1181 2144 testatur
1207 2103 1288 2155 ipse
1316 2108 1338 2126 ¹¹
1357 2104 1449 2143 Dio·
1464 2118 1499 2143 11
1522 2111 1604 2143 Dio-

87 2160 222 2212 nyfi'us.
280 2163 327 2200 Et
347 2159 437 2199 sane
455 2175 542 2199 cum
564 2162 723 2201 coloniae
742 2162 789 2200 ab
809 2161 963 2201 Albanis
985 2160 1173 2200 deduftae
1183 2160 1333 2199 Romam
1355 2156 1524 2198 tem-wlf
1538 2157 1601 2188 [A.

88 2230 159 2268 pus
180 2229 249 2267 pro
269 2218 452 2256 Romnae
471 2216 657 2269 Historiae
682 2217 841 2268 Epocba
861 2217 1021 2261 habeam
1048 2230 1128 2254 non
1156 2215 1313 2255 aliunde
1337 2207 1559 2254 511.mn⁶·88·

88 2272 267 2312 Romanos
284 2286 400 2312 annos
423 2271 640 2324 supputass'c
661 2271 862 2311 xeriiimile
880 2271 944 2311 est.
1000 2272 1125 2321 quue
1152 2270 1242 2310 sane
1273 2271 1448 2310 innuunt

90 2337 146 2365 tot
173 2325 377 2376 sequentes
403 2327 503 2368 illius
531 2340 647 2368 notae
666 2331 767 2375 anni,
802 2342 893 2375 non,
938 2338 976 2365 vt
994 2338 1117 2374 antea,
1154 2342 1175 2366 a
1194 2327 1354 2378 Solstitio
1382 2328 1447 2366 de-

88 2382 200 2427 ducti,
223 2381 286 2422 sed
309 2399 329 2422 a
351 2383 452 2422 Vere.
508 2386 607 2424 Loca
624 2385 722 2423 illius
741 2384 816 2423 huc
837 2382 1043 2436 spec‘lantia
1064 2381 1209 2434 saepius
1230 2393 1445 2429 occurrunt,

87 2451 203 2489 quam
229 2448 265 2475 vt
292 2437 648 2489 impraesentiarum
676 2440 715 2478 in
736 2439 912 2478 medium
944 2438 1168 2478 asserantur.

202 2493 412 2533 Caeterum
429 2495 551 2535 omnis
571 2497 651 2541 illa,
681 2495 732 2534 de
751 2509 828 2547 qua
846 2495 1005 2548 agimus,
1036 2491 1209 2545 Dionyfii
1228 2495 1444 2535 Chronolo-
1459 2494 1523 2532 5-4·
1536 2491 1603 2544 Ᾱΰζ

90 2551 151 2604 gia
174 2549 265 2589 inde
285 2550 515 2599 potiffimum
534 2550 694 2602 pendet,
716 2561 753 2589 vt
770 2564 895 2590 annus
922 2551 1021 2589 vrbis
1040 2551 1224 2589 Romanae
1252 2549 1441 2589 natalitius
1456 2546 1515 2609 ¹¹2}
1529 2538 1606 2610 §35⁰2

89 2602 213 2653 refte‚
242 2617 310 2656 pro
331 2604 428 2653 iilius
450 2603 650 2652 sententia,
681 2606 939 2646 constituatur.
995 2606 1098 2646 Hinc
1115 2607 1220 2645 enim
1239 2605 1444 2644 ordiuntur
1457 2592 1532 2664 {yffi
1547 2594 1606 2656 (β’-,μ

813 2664 845 2701 Ε
858 2675 880 2701 e
907 2675 937 2715 4
1302 2673 1448 2705 omnes,

479 2726 491 2751 s

1374 2820 1390 2837 Ι
