1796 3120
368 115 591 162 -LEGES
640 123 827 162 VETT.
871 114 1303 187 ROMANORVM.
1415 124 1527 174 2387

208 228 211 231 '
255 225 373 264 LEX
417 225 757 274 QVINC'I'IA.
796 226 1053 278 Quicumque
1070 222 1154 277 post
1177 224 1278 265 hanc
1304 223 1438 276 legem
1466 236 1523 262 ro-

145 288 275 331 gatam
294 281 409 326 riuos,
440 278 583 331 specus,
611 280 791 328 fornices,
812 281 985 329 fistulas,
1013 276 1182 328 castella,
1215 280 1389 324 tubulos,
1416 280 1520 318 lacus

144 347 332 385 aquarum
351 336 601 386 publicarum,
622 351 724 388 quae
742 337 790 378 ad
808 338 940 377 vrbem
961 338 1165 383 ducuntur,
1185 347 1373 375 earumue
1392 348 1517 385 quam,

144 388 266 430 sciens
295 392 383 430 doio
415 393 514 432 malo
533 393 732 441 sol-auem,
761 394 921 444 ruperit,
946 393 1077 432 forare
1097 386 1336 443 rumpereue
1359 403 1518 430 curaue-

136 445 203 494 rit,
231 449 461 498 peioremue
489 447 640 496 fecerit,
677 449 886 500 quominus
916 461 960 487 ea
993 462 1110 498 aqua,
1135 460 1324 487 ear-umue
1351 459 1445 497 qua,
1474 446 1516 484 in

144 502 278 540 vrbem
304 505 464 542 Romam
491 505 556 551 ire,
587 504 735 550 cadere,
764 502 841 551 fini,
862 505 1085 555 peruenire,
1104 504 1192 542 duci
1211 504 1362 556 poffint,
1384 514 1517 553 quoue

142 558 269 596 minus
288 558 329 596 in
354 560 445 598 vrbe
464 562 593 606 Roma,
625 571 664 600 et
682 561 723 600 in
746 560 804 598 his
824 558 1018 607 aedificiis,
1051 571 1155 609 quae
1173 559 1254 598 vrbi
1274 559 1515 597 continentia

141 611 239 661 suut,
263 626 387 661 erunt,
409 615 450 653 in
468 614 608 666 hisque
629 615 759 661 hortis,
778 615 956 666 praediis,
982 616 1085 661 locis,
1107 628 1275 666 quorum
1300 614 1513 659 hortorum,

142 670 401 720 praediorum,
430 671 604 710 locorum
630 671 806 716 dominis,
834 668 1159 723 poffefforibusue
1186 683 1286 720 aqua
1314 669 1420 716 data,
1451 668 1514 706 vel

143 726 336 766 adtributa
361 725 428 772 est,
455 728 517 765 vel
547 728 630 775 erit,
657 739 694 766 vt
725 725 838 774 saliat,
868 725 1126 771 distribuatur,
1160 726 1370 771 diuidatur,
1398 726 1440 763 in
1458 738 1515 763 ca·

141 779 257 829 steila,
277 783 378 821 lacus
403 782 643 830 immittatur,
676 783 707 822 is
724 783 874 822 P.R.C.
895 781 1001 821 milia
1020 782 1113 820 dare
1134 781 1290 820 damnas
1311 780 1401 819 esto.
1463 783 1513 819 Et

140 838 209 887 qui
237 837 332 876 clam
351 838 444 886 quid
464 850 600 876 eorum
619 840 674 878 ita
692 838 892 886 fece1·it‚id
913 849 1030 875 omne
1049 835 1198 882 sarcire,
1222 835 1397 882 reficere,
1410 834 1513 874 resti-

139 902 263 939 tuere,
275 892 492 946 aedificqre,
504 895 818 945 ponere,caelare
828 904 868 932 et
879 893 1056 932 demoliri
1070 892 1228 932 damnas
1239 890 1412 938 esto,sme
1422 891 1513 930 dolo

138 949 250 988 malo.
277 960 394 999 atque
411 950 461 988 ita
476 951 647 997 omnino,
660 961 707 997 vt,
720 951 958 1000 quicumque
978 958 1130 988 curator
1141 960 1330 998 aquarum
1351 946 1414 994 est,
1427 947 1512 991 erit,

138 1014 207 1043 aut
232 1003 258 1041 fi
283 1014 434 1043 curator
461 1019 647 1055 aquarum
672 1019 754 1044 non
782 1006 846 1053 est,
878 1005 939 1044 vel
966 1004 1049 1051 erit,
1080 1013 1164 1043 tum
1191 1006 1222 1042 is
1241 1007 1412 1049 Praetor,
1444 1003 1512 1052 qui

138 1061 243 1098 inter
271 1060 374 1100 ciues
396 1071 437 1098 et
453 1062 686 1115 peregrinos
714 1062 775 1107 ius
802 1061 904 1109 dicit,
934 1061 1098 1099 multam
1118 1059 1349 1113 pignoribus
1368 1059 1510 1110 cogito,

130 1120 313 1155 coerceto
324 1129 336 1161 3
367 1116 486 1166 eique
504 1119 680 1164 curatori,
705 1128 770 1157 aut
792 1116 818 1156 fi
838 1127 991 1156 curator
1024 1130 1105 1154 non
1124 1117 1208 1163 erit,
1238 1126 1320 1154 tum
1342 1114 1376 1152 ei
1398 1117 1513 1153 Prae-

136 1172 220 1218 tori,
252 1184 300 1210 eo
321 1173 482 1211 nomine
499 1186 652 1226 cogere,
682 1183 721 1212 et
740 1177 930 1220 coercere,
960 1172 1108 1212 multae
1129 1171 1329 1217 dicendae,
1359 1169 1439 1208 flue
1459 1169 1513 1220 pi-

137 1227 268 1279 gnoris
295 1228 473 1279 capiendi
495 1229 554 1268 ius
586 1227 831 1281 potestasque
860 1227 950 1267 esto.
1016 1227 1056 1268 Si
1088 1228 1182 1278 quid
1210 1240 1348 1266 eorum
1378 1225 1512 1264 seruus

134 1284 284 1330 fecerit,
315 1284 494 1323 dominus
522 1285 603 1324 eius
631 1296 791 1324 centum
818 1285 922 1324 milia
940 1284 1088 1336 populo
1109 1283 1188 1323 det.
1248 1283 1391 1333 Siquis
1415 1282 1513 1320 circa

136 1339 250 1385 riuos,
273 1337 418 1391 specus,
448 1340 625 1388 fornices,
653 1340 804 1389 fistulas,
824 1341 992 1390 tubulos,
1014 1338 1174 1387 castella,
1199 1340 1302 1378 lacus
1322 1349 1512 1388 aquarum

127 1395 394 1446 ‘publicar-um,
425 1409 502 1447 qua
529 1398 578 1437 ad
613 1397 747 1436 vrbem
779 1400 941 1437 Romam
967 1397 1180 1442 ducuntur,
1211 1396 1273 1434 vel
1304 1393 1509 1436 ducentur,

136 1451 363 1491 terminatus
384 1450 551 1500 steterit,
583 1466 635 1492 ne
657 1454 743 1504 quis
764 1466 812 1492 eo
833 1455 919 1492 loco
938 1451 1022 1504 post
1047 1451 1147 1491 hanc
1172 1452 1305 1503 legem
1333 1458 1511 1502 rogatam

126 1507 232 1558 'quid
261 1507 435 1559 opponit,
463 1509 584 1555 molit,
608 1508 769 1561 obsepit,
791 1508 886 1562 figit,
914 1507 1054 1555 statuit,
1080 1507 1203 1559 ponit,
1225 1507 1394 1551 collocat,
1418 1515 1508 1550 arat,

129 1562 250 1609 *serit3
289 1575 396 1602 neue
422 1566 464 1604 in
483 1576 574 1604 eum
597 1566 727 1604 locum
748 1566 843 1616 quid
869 1564 1049 1610 immittit,
1073 1574 1351 1615 praeterquam
1372 1572 1511 1599 eorum

134 1619 424 1668 faciendorum,
464 1622 787 1672 reponendorum
815 1619 943 1667 causa,
983 1631 1278 1672 praeterquam,
1306 1617 1413 1669 quod
1440 1616 1517 1668 hac,

134 1676 226 1727 lege
246 1676 387 1723 licebit,
407 1676 615 1727 oportebit.
657 1677 737 1728 Qui
758 1675 942 1717 aduersus
963 1688 1009 1715 ea
1028 1675 1123 1725 quid
1150 1676 1289 1715 fecerit
1309 1684 1349 1713 et
1375 1673 1511 1712 aduer-

137 1729 198 1770 sus
222 1744 267 1770 ea
287 1730 458 1784 repserit,
478 1745 526 1770 ex
547 1731 646 1772 iufl'u
669 1731 860 1784 causaque
881 1732 1058 1771 omnium
1078 1744 1210 1769 rerum
1230 1730 1411 1768 omnibus
1431 1726 1511 1767 esto

137 1786 315 1834 damnas,
334 1786 396 1825 ⁷vti
415 1785 520 1834 effet,
551 1786 711 1839 efi'eque
730 1799 942 1841 oporteret,
963 1787 988 1825 {i
1007 1787 1036 1826 is
1056 1785 1239 1826 aduersus
1258 1786 1358 1825 hanc
1378 1785 1512 1836 legem

138 1843 278 1887 riuum,
308 1841 466 1894 specum
487 1842 656 1895 rupiffet,
686 1842 896 1885 foraffetue
922 1844 969 1898 [‘⁶
991 1843 1140 1894 quique
1168 1840 1325 1893 specum
1343 1837 1510 1885 sorasset‚

139 1896 372 1954 rupissetue]
404 1900 612 1950 quominus
636 1900 676 1939 in
697 1913 745 1938 eo
777 1901 863 1939 loco
891 1897 1048 1950 pascere
1068 1898 1243 1944 herbam,
1269 1897 1436 1936 foenum
1456 1894 1510 1933 se-

136 1967 236 1995 care.
278 1952 418 2002 sentes,
451 1967 597 2006 vepres,
625 1954 831 2007 caprificos,
860 1965 1055 1994 curatores
1083 1966 1282 2004 aquarum,
1311 1953 1376 2003 qui
1404 1964 1511 1990 nunc

138 2010 236 2057 sunt,
258 2013 405 2061 quique
427 2022 554 2049 erunt.
606 2011 701 2050 circa
724 2011 865 2059 fontes,
895 2020 935 2049 et
955 2010 1124 2050 fontium
1142 2021 1342 2048 murorum
1366 2020 1507 2053 curam,

138 2069 251 2113 riuos,
279 2078 317 2105 et
340 2065 481 2118 specus,
513 2069 751 2115 terminatus,
776 2067 942 2112 arbores,
971 2065 1243 2118 vites,vep1-es,
1264 2062 1402 2111 sentes,
1432 2063 1537 2100 ¹1·i-1
1564 2062 1607 2093 al.
1622 2060 1673 2101 1⁹³*

138 2135 223 2175 pae,
246 2122 446 2169 maceriae,
475 2120 608 2170 saliua,
629 2122 901 2168 harundineta,
929 2122 1167 2167 excidantur,
1197 2122 1391 2167 toilantur,
1411 2106 1581 2157 effu-¹⁸²·

137 2179 307 2226 diantur,
335 2182 348 2200 ²
362 2179 651 2225 excodicentur,
664 2179 714 2218 vti
737 2179 842 2230 quod
858 2177 961 2217 reRe
978 2177 1121 2218 facium
1138 2175 1217 2216 esse
1238 2176 1360 2221 volet3
1379 2187 1510 2225 eoque
1524 2195 1542 2218 2
1561 2186 1606 2216 al.
1619 2194 1673 2214 ex-

141 2235 303 2273 nomine
324 2235 366 2273 iis
385 2233 560 2286 pignoris
580 2235 716 2286 captio,
737 2235 884 2273 multae
900 2234 1013 2283 dic⁶tio
1035 2233 1294 2282 coercitioque
1318 2230 1420 2276 esto3
1458 2229 1659 2269 jd-stirpen-

140 2302 220 2340 que
239 2290 282 2329 iis
308 2289 389 2328 {ine
413 2289 553 2330 fraude
573 2289 635 2330 sua
656 2290 788 2330 facere
807 2290 866 2329 ius
885 2288 1131 2341 potestasque
1152 2287 1241 2334 estu,
1265 2289 1284 2308 ⁴‘
1303 2288 1512 2338 quominus
1522 2284 1588 2306 ω’·

141 2347 249 2393 vites,
277 2346 441 2392 arbores,
472 2359 575 2397 quae
603 2346 708 2394 villis,
747 2344 945 2393 aedificiis,
976 2343 1202 2384 maceriisue
1230 2341 1401 2382 inclusae
1429 2341 1512 2380 fint.

142 2401 340 2447 maceriae,
363 2414 456 2451 quas
473 2414 615 2441 curato
631 2414 669 2442 es
687 2415 877 2453 aquarum
896 2399 1004 2441 causa
1024 2402 1188 2453 cognita,
1210 2412 1262 2439 ne
1282 2399 1515 2439 demoliren-

143 2468 216 2502 tur,
244 2457 409 2498 dominis
434 2456 705 2510 permiserunt,
734 2457 874 2508 quibus
892 2456 1072 2508 inscripta
1089 2455 1359 2508 insculptaque
1389 2452 1515 2493 essent

142 2511 322 2563 ipsorum,
350 2514 415 2562 qui
447 2511 711 2564 permisissent,
739 2523 960 2552 curatorum
988 2513 1159 2552 nomina.
1199 2511 1271 2550 hac
1299 2513 1390 2561 lege
1416 2508 1514 2547 nihil
1632 2561 1637 2565 ι

142 2567 385 2619 ³abrogatur,
418 2569 626 2619 quominus
655 2583 704 2607 ex
725 2570 783 2608 his
800 2569 986 2613 fontibus,
1018 2568 1119 2613 riuis,
1140 2566 1339 2619 specubus,
1357 2550 1678 2626 s01·nici-33;‘g·¹z;

143 2623 213 2662 bus
230 2635 370 2673 aquarn
390 2623 561 2671 haurire,
593 2622 746 2663 sumere
766 2625 820 2672 iis,
849 2621 1161 2675 quibuscumque
1187 2633 1380 2661 curatores
1400 2616 1680 2678 aqua-vffljwss

819 2680 886 2720 Cc
913 2692 942 2732 4
1429 2685 1592 2717 rumAm
1628 2681 1680 2715 ni,
