1796 3120
0 0 5 64 Ι

57 141 59 143 ,

53 1132 57 1135 .
87 1094 237 1134 Iuliani.

164 92 265 133 PRO
296 91 698 133 HYPOTHESIBVS
740 91 980 132 DIONYSII
1013 90 1301 132 HALICARN.
1357 92 1466 146 2663

91 210 249 238 annona
269 196 318 236 ad
342 198 539 249 proximos
550 196 645 251 Coss.
660 195 852 237 differunt
869 205 947 236 tam
957 195 1171 249 Dionyfi'us‚
1192 208 1310 247 quam
1322 196 1465 243 Liuius,

90 251 207 304 quari]
239 253 358 292 etiam
379 253 599 294 Plutarchus
628 254 669 292 in
697 254 914 296 Coriolano.
968 253 1095 304 quue
1128 264 1264 292 verum
1300 249 1380 291 effe
1406 264 1466 290 res

87 308 168 361 ipsa
195 307 322 348 vincit.
379 308 576 350 Absumtis
603 308 808 362 superioris
835 309 962 349 meffis
982 308 1173 361 frugibus,
1204 321 1322 347 nouae
1348 321 1467 359 appu-

88 366 224 405 lerunt
243 376 419 405 coemtae
439 379 488 404 ex
507 368 679 414 Etruria,
710 380 803 417 quas
831 376 964 405 tamen
991 363 1122 413 βραχύν
1149 382 1224 403 τινα
1248 363 1366 416 χρόνον
1393 362 1467 403 suf-

86 418 218 463 fecisse
245 420 404 460 testatur
430 421 641 472 Dionyfi'us.
700 425 807 461 Tum
831 422 928 461 miffi
947 423 1112 463 Velitras
1139 432 1179 460 er
1200 420 1378 461 Norbam
1409 432 1467 459 co-

86 477 179 524 loni,
198 488 236 515 vt
254 475 445 529 superstiti
464 477 733 517 consuleretur
749 491 925 518 annonae.
980 478 1171 528 Denique
1199 478 1339 517 eadem
1358 473 1468 515 causa

86 533 297 585 Expeditio
318 532 501 573 aduersus
521 536 692 574 Antiates
710 535 811 573 duce
823 534 1022 577 Coriolano
1042 531 1225 584 suscepta,
1256 532 1331 571 hoc
1351 533 1470 572 etiam

87 589 251 629 nomine
283 599 403 642 grata,
435 591 542 639 quod
571 603 756 643 magnam
777 590 967 640 frumenti
996 589 1070 628 vim
1094 589 1136 627 in
1163 592 1267 644 agris
1289 588 1465 628 relistam

89 645 309 696 repererint
339 646 529 686 Coriolani
565 647 716 694 milites,
764 646 1059 692 inuidentibus,
1089 658 1186 696 quos
1235 646 1335 684 domi
1373 644 1469 683 deti—

88 711 268 748 nuerant,
295 701 476 742 Tribunis.
532 703 632 742 Inde
657 701 813 750 constat,
845 702 1025 741 nondum
1054 701 1128 740 hoc
1155 715 1260 740 anno
1279 698 1468 752 appulifl'e

87 756 333 798 frumentum
362 758 542 798 eSicilia.
599 762 682 799 Imo
715 760 825 798 nouis
862 757 1090 797 ineuntibus
1133 756 1228 810 Cqffl
1248 756 1468 810 Septembris

87 815 220 853 veteris
239 812 396 854 fortafl'e
415 814 600 864 Kalendis,
631 815 758 855 adhuc
781 814 921 854 eadem
940 814 997 854 rei
1022 813 1300 863 frumentariae
1330 811 1469 865 persta-

87 869 154 908 bat
172 869 314 920 inopia.
374 872 501 912 Prima
528 871 634 910 enim
653 871 824 910 morum
855 884 946 910 cura
974 880 1069 918 erat,
1100 882 1136 909 vt
1165 882 1188 909 e
1208 871 1407 909 maritimis
1428 878 1468 906 et

86 926 384 966 mediterraneis
410 930 580 981 emporiis
607 928 872 978 vndequaque
897 930 1152 966 coemeretur.
1207 926 1270 967 Sic
1304 922 1469 964 enimse

88 981 178 1020 Paci
206 981 386 1032 publicae
415 983 656 1023 consulturos
681 983 983 1035 intelligebant,
1011 992 1051 1020 et
1068 981 1191 1021 Plebis
1216 982 1266 1021 de
1293 981 1468 1034 egestate

88 1038 351 1087 querimonias
405 1038 614 1080 sedaturos.
672 1038 840 1080 Perstitit
871 1052 968 1092 ergo
994 1038 1118 1091 sames
1145 1039 1195 1078 ad
1220 1036 1335 1090 finem
1372 1036 1467 1077 anni

203 1152 288 1189 Hoc
325 1151 468 1190 eodem
504 1164 608 1191 anno
628 1151 669 1190 in
689 1151 867 1192 Comitiis
900 1149 1168 1202 consularibus
1201 1159 1294 1189 ante
1313 1148 1468 1189 Kalend.

86 1205 306 1258 Septembris
327 1206 519 1259 repulsam
547 1206 860 1262 fertConfislatus
880 1208 1104 1247 candidatus
1117 1206 1348 1254 Coriolanus,
1368 1206 1470 1246 ἑπἹαι·

89 1268 228 1302 καίδεκα
247 1261 306 1306 ἔτη
325 1267 468 1309 συνεχῶς
489 1262 734 1310 ςρατευὸμενος.
759 1263 948 1306 Plutarch.
971 1264 1195 1304 Coriolano.
1254 1260 1471 1310 ’Es-garson-

88 1336 127 1357 το
145 1321 278 1366 πρώτην
297 1326 452 1366 semeia-a
473 1317 523 1358 ἔτι
543 1325 706 1368 μειράκων
726 1318 782 1371 ὢν,
813 1320 870 1359 ὅτε
888 1327 1054 1367 Ταρκυνίῳ
1077 1322 1125 1365 τῷ
1154 1318 1389 1366 βασιλεύσαντι
1411 1322 1472 1360 ric

87 1375 225 1421 Ῥώμης,
257 1374 333 1414 εἶτα
361 1376 536 1414 ἐκπεσόντι
564 1387 637 1416 etc.
693 1377 755 1417 Sic
772 1377 963 1417 Auilores
993 1374 1080 1416 suos
1111 1373 1346 1414 intellexisse
1371 1375 1472 1413 vide-

33 1463 42 1468 l
87 1442 150 1471 tur
180 1431 418 1479 Plutarchus,
438 1431 543 1483 quafi
574 1432 724 1484 proelio
752 1431 954 1489 Regillenfi'
971 1432 1141 1484 primum
1169 1434 1392 1473 Coriolanus
1418 1430 1473 1470 fe-

87 1485 192 1527 ciffet
219 1488 464 1539 stipendium.
523 1489 648 1529 Aliter
681 1490 865 1529 volebant
884 1488 1009 1535 testes,
1040 1501 1208 1540 quorum
1238 1487 1356 1527 fidem
1389 1484 1472 1538 ipse

91 1543 147 1583 est
180 1542 340 1592 secutus,
361 1546 535 1594 Veteres„
578 1546 652 1584 Hic
688 1547 795 1584 enim
830 1544 886 1584 est
913 1558 1038 1584 annus
1075 1543 1318 1601 aRegifitgio
1348 1545 1470 1584 XVII.

89 1598 317 1652 completus}
375 1602 546 1640 Proinde
563 1600 845 1653 stipendiorum
865 1603 1120 1642 continuorum
1144 1602 1290 1653 primus
1306 1615 1328 1640 a
1339 1601 1470 1654 proxi·

89 1670 147 1697 mo
167 1657 339 1708 coeperit
361 1656 445 1709 post
462 1658 705 1713 Regifugium
724 1671 838 1697 anno.
873 1709 877 1712 ἡ
897 1660 1004 1697 Tum
1024 1668 1105 1697 erat
1123 1664 1299 1707 μειράκιον,
1325 1657 1367 1695 iu
1387 1653 1470 1708 ipso

91 1724 239 1764 nempe
269 1712 437 1751 confinio
464 1716 655 1753 Pueritiae
679 1725 800 1765 atque
826 1713 1119 1765 Adolescentia,
1168 1715 1332 1766 impleto
1359 1712 1470 1752 nimi-

93 1782 178 1807 rum
200 1781 304 1808 anno
325 1771 471 1809 Aetatis
489 1772 606 1810 XVII.
629 1771 697 1821 qui
721 1772 900 1811 terminus
929 1774 1012 1809 era't
1030 1770 1228 1817 Pueritiae‚
1258 1782 1328 1822 pro
1350 1766 1469 1807 censu

90 1824 210 1865 Seruii
228 1824 349 1864 Tullii.
406 1826 467 1865 Sic
495 1826 596 1877 apud
627 1826 799 1865 nostrum
816 1825 1038 1880 Dionysium
1067 1824 1150 1879 ipse
1178 1838 1340 1877 quoque
1358 1826 1469 1865 Mar·

94 1884 197 1920 cius:
224 1879 354 1927 πρώτην
375 1880 481 1927 ’ἔξοδον
501 1885 614 1929 κομιδῇ
633 1890 697 1925 νέος
725 1875 779 1930 dlv,
811 1881 868 1921 bre
883 1886 966 1929 πρός
981 1883 1045 1926 ‘talc
1074 1888 1224 1929 βασιλεῖς
1254 1889 1312 1930 βίᾳ
1339 1879 1470 1919 κατιέν-

92 1950 154 1980 we
185 1936 428 1985 ἠγωνιζόμεθα.
452 1940 491 1977 L.
511 1941 614 1978 VIII-
636 1952 722 1992 pag.
743 1946 837 1994 484.
892 1942 979 1979 Hoc
997 1951 1093 1991 ergo
1113 1952 1216 1978 anno
1235 1950 1383 1977 annum
1403 1937 1469 1975 im-

94 1994 266 2045 pleuerit
293 1996 469 2034 XXXIV.
528 1995 656 2034 Natus
691 1995 858 2046 Proinde
893 2008 999 2034 anno
1030 1996 1072 2035 V.
1094 1996 1134 2035 C.
1153 2002 1246 2044 228.
1277 1994 1473 2046 Tarquinii

91 2048 243 2102 Superbi
261 2053 324 2090 IX.
381 2053 439 2089 Eo
470 2051 671 2090 retulerim
702 2051 818 2090 verba
855 2050 1046 2091 Coriolani
1073 2051 1177 2102 apud
1206 2053 1359 2089 Liuium
1386 2049 1470 2088 illa:

99 2106 343 2158 Tarquinium
367 2106 499 2162 Regem
535 2109 600 2161 qui
638 2121 713 2147 non
748 2108 904 2154 tulerim,
943 2107 1120 2146 Sicinium
1145 2107 1295 2159 feram?
1332 2108 1383 2146 11.
1405 2118 1467 2158 34-

95 2161 214 2211 Quafi
246 2174 395 2213 partem
427 2163 608 2202 habuerit
643 2166 777 2217 primis
805 2164 921 2203 etiam
947 2164 988 2201 in
1024 2164 1275 2217 Tarquinium
1303 2161 1470 2214 proeliis.

97 2218 300 2257 Conuenit
319 2217 414 2259 haec
433 2230 534 2260 aetas
556 2232 642 2258 cum
664 2233 724 2266 eo>
749 2220 855 2270 quod
865 2223 1066 2259 maximum
1086 2230 1182 2259 natu
1210 2219 1333 2259 filium
1352 2219 1469 2256 decen-

95 2286 175 2312 nem
193 2273 385 2322 habuerit,
418 2289 505 2314 cum
531 2276 604 2328 ipse
629 2276 671 2314 in
697 2276 878 2327 Exfi'lium
906 2274 1222 2328 proficisceretur.
1242 2274 1405 2326 Dionys
1426 2279 1470 2315 L·

96 2330 183 2367 VH.
202 2343 237 2380 p.
256 2342 348 2383 454.
405 2333 467 2372 Sic
487 2333 594 2371 enim
615 2332 680 2370 illo
699 2330 784 2383 filio
807 2333 915 2372 annis
935 2335 1053 2372 XXV.
1073 2334 1192 2372 maior
1211 2332 1342 2372 fuerit.
1385 2334 1472 2369 Pro-

95 2383 242 2423 cedunt
259 2395 389 2425 autem
411 2387 598 2427 Coriolani
631 2386 819 2439 stipendia
849 2403 869 2428 a
888 2389 1139 2440 proelio,quo
1168 2388 1305 2427 cecidit
1322 2387 1472 2429 Brutus,

98 2440 205 2492 quod
235 2441 274 2479 in
294 2441 506 2493 Consularis
535 2445 628 2483 anni
653 2443 766 2496 finem
797 2444 1053 2484 referendum
1081 2443 1329 2483 ostendimus.
1385 2442 1472 2481 Fuit

97 2496 205 2534 enim
222 2498 413 2546 proelium
434 2499 529 2538 illud
548 2512 686 2540 reuera
708 2504 874 2553 primum
895 2514 982 2539 cum
999 2503 1221 2553 Tarquiniis.
1278 2501 1335 2538 Ita
1352 2497 1404 2544 fit,
1431 2507 1471 2535 vt

89 2550 311 2604 stipendium
347 2555 430 2592 eius
459 2557 576 2594 XVII.
608 2555 660 2604 (fi
689 2558 848 2607 quidem
877 2558 929 2596 ita
957 2557 1063 2607 loqui
1092 2556 1147 2596 fas
1175 2555 1219 2594 fir
1251 2555 1301 2593 de
1338 2554 1472 2593 militia

97 2607 274 2648 Patricii,
311 2621 411 2658 quae
442 2624 646 2661 nunquam
668 2623 755 2653 erat
782 2612 1052 2665 stipendiaria)
1091 2612 1129 2651 in
1154 2624 1303 2651 anuum
1331 2622 1473 2650 conue-

95 2664 176 2702 niat
194 2678 214 2703 a
234 2665 435 2721 Regifiigio
456 2669 595 2707 XVIII.

1221 2731 1315 2777 489.
1347 2724 1473 2764 Corio-
