1796 3120
197 89 301 129 PRO
330 90 732 132 HYPOTHESIBVS
762 90 1003 131 DIONYSII
1033 88 1319 157 tgALICARN.
1371 92 1483 141 2659

109 193 205 234 V.c.
222 194 316 236 260.
373 193 515 240 Plane,
547 203 586 232 vt
604 195 643 233 in
664 193 792 232 nostro
822 191 1137 246 repraesentatur
1164 195 1352 234 laterculo
1372 193 1478 234 Cato-

103 253 229 289 niano.
286 247 430 288 Addit:
460 247 626 294 μελλέσης
651 256 693 293 εἰς
712 250 831 289 τέπιδν
861 251 1080 297 ἑβδομηκοςιῖς
1104 249 1158 293 καὶ
1189 254 1341 296 δευτέρας
1358 250 1477 295 Ὀλυμ-

102 310 226 346 sabaoc.
297 305 433 344 Innuit
461 306 664 352 nimirum,
701 319 789 345 cum
818 304 1051 346 Consulatus
1079 309 1261 352 iniretur,
1299 305 1477 344 nondum

103 359 218 401 fuiffe
239 360 382 412 Olymp.
403 372 471 415 72.
494 374 595 411 quae
614 372 745 400 tamen
765 362 939 413 coeperit
963 372 1090 411 antea,
1111 375 1228 413 quam
1245 358 1478 401 Consulatus

102 416 366 469 absolueretur.
438 421 601 456 Annum
622 429 768 468 nempe
785 417 1016 468 Constalarem
1036 431 1185 456 nouum
1212 433 1233 457 a
1262 418 1370 456 nouis
1389 429 1477 455 cen-

103 471 160 512 set
181 472 374 512 Palilibus.
432 474 505 513 Hic
524 483 630 512 certe
647 474 759 513 aliter
779 472 939 512 censere
959 487 1038 511 non
1058 474 1195 525 potuit,
1216 473 1278 512 vbi
1298 473 1349 512 de
1369 485 1474 510 nouo

99 529 204 568 vrbis
225 530 390 568 conditae
407 543 511 568 anno
530 527 654 568 sermo
673 527 739 566 est.
795 530 880 568 Nec
900 528 1006 567 enirn
1033 528 1137 570 vrbis
1166 530 1334 568 conditae
1351 541 1478 566 nouus

100 589 226 625 annus
243 585 402 624 aliunde
421 584 566 636 incipit,
597 594 873 635 praeterquam
890 600 911 624 a
929 588 1032 624 nouis
1052 585 1242 624 Palilibus.
1274 587 1359 624 Hoc
1378 596 1476 636 ergo

99 653 220 679 vnum
249 651 290 679 et
318 651 557 692 perpetuum
583 641 780 679 exordium
808 640 864 678 est
892 641 1109 681 Annalium
1139 641 1239 680 vrbis
1269 641 1473 688 Romanae,

97 699 207 748 quod
225 710 312 736 cum
332 695 555 735 Graecorum
572 695 849 748 olympiadibus
870 696 1154 735 conferendum
1176 695 1333 743 censuit,
1366 706 1403 732 vt
1422 695 1474 733 de

98 750 301 804 vti-iusque
315 751 506 795 Historiae
522 751 814 805 Synchromfmis
830 752 1001 791 iudicare
1019 750 1154 804 pofl'et,
1178 752 1336 792 Graecae
1353 761 1471 801 atque

94 809 291 849 Romanae.
350 807 443 856 Qua
465 819 612 859 nempe
629 809 736 847 licuit
752 821 825 859 per
844 809 1024 855 rationes,
1052 821 1146 858 quas
1173 807 1256 859 ipse
1285 807 1470 858 sequitur,

97 867 340 905 Catonianos.
396 864 506 903 Vidit
525 864 720 911 nimirum,
740 864 779 902 in
800 877 1041 915 vnoquoque
1062 878 1165 903 anno
1187 864 1365 909 Romano,
1395 875 1471 913 qua

96 936 118 960 a
140 921 319 961 Palilibus
339 917 539 966 censetur,
580 933 774 959 annorum
798 921 1136 972 Olympiadicorum
1163 921 1318 959 duorum
1343 929 1470 972 partes

93 977 301 1016 contineri.
357 977 478 1015 Plane
499 981 546 1015 lvt
563 976 604 1015 in
633 975 766 1015 nostris
784 976 930 1016 Tabulis
960 975 1350 1028 iepraesentauimus.
1411 974 1472 1013 ,Sic

96 1043 240 1079 tamen,
260 1043 298 1071 vt
325 1045 427 1072 anno
453 1031 705 1085 Olympiadico
739 1033 920 1085 defluente
951 1046 1056 1071 noua
1093 1043 1295 1072 occurrant
1321 1030 1468 1071 Palilia.

95 1089 357 1129 Conueniunt
386 1101 502 1139 porro
522 1089 748 1128 examuffim
777 1089 871 1128 anni
891 1089 1136 1140 Olympiadici
1165 1089 1255 1136 bini,
1284 1101 1381 1139 quos
1399 1085 1470 1124 fin-

94 1144 196 1198 gulis
218 1143 322 1184 vrbis
338 1144 504 1183 conditae
529 1145 639 1183 annis
659 1145 804 1191 tribuit,
835 1158 922 1184 cum
950 1143 1084 1184 nostris
1108 1143 1269 1185 Tabulis.
1325 1145 1386 1184 Sic
1419 1142 1469 1181 de

93 1214 197 1240 anno
217 1213 310 1255 252.
332 1201 383 1240 ait
404 1197 518 1240 fuisse
536 1199 628 1240 aaran*
642 1200 702 1242 τιῖν
724 1201 941 1248 ἐβδομηκοςῆν
957 1203 1180 1246 Ὀλυμπιάδα,
1201 1206 1241 1243 L.
1254 1203 1302 1242 V.
1323 1214 1360 1252 p.
1376 1211 1466 1252 324.

91 1257 202 1297 Idem
232 1267 364 1297 tamen
395 1255 628 1306 sequentem
657 1256 894 1311 Consulatum
931 1258 1023 1297 anni
1052 1270 1145 1310 253.
1176 1256 1303 1297 statuit
1327 1261 1376 1293 ἐπὶ
1407 1257 1468 1297 τῆς

93 1313 313 1359 {maumas-134
337 1316 564 1357 Ὀλυμπιάδος.
593 1327 629 1365 p.
651 1326 742 1367 303.
819 1317 878 1354 Ex
907 1313 966 1352 his
994 1314 1148 1353 duobus
1174 1313 1266 1352 locis
1294 1311 1466 1350 inuicem

92 1369 237 1410 collatis
270 1378 454 1421 apparet,
497 1369 590 1408 anni
622 1370 850 1423 Olympiadis
877 1371 990 1411 LXX.
1019 1369 1133 1421 primi
1170 1379 1322 1421 partem
1355 1368 1466 1406 aliam

90 1424 216 1473 fuisse,
236 1438 338 1477 quae
356 1424 402 1464 ad
419 1437 568 1463 annum
587 1424 690 1465 vrbis
710 1424 887 1477 spestarit·
912 1438 1004 1481 252.
1022 1426 1136 1465 aliam
1163 1437 1266 1471 vero,
1292 1435 1394 1474 quae
1414 1421 1468 1461 se-

89 1481 248 1532 quentis
267 1480 389 1521 fuerit
407 1480 625 1520 annualis
649 1494 742 1535 253.
762 1496 833 1534 pro
852 1480 1130 1534 hypothefibus
1142 1481 1371 1522 Catonianis.
1402 1478 1467 1518 Ad

89 1539 263 1578 eundem
283 1538 401 1589 plane
420 1537 590 1585 modum,
610 1550 689 1589 quo
712 1538 743 1577 is
761 1538 868 1577 idern
896 1537 1070 1578 eiusdem
1093 1538 1322 1591 Olympiadis
1339 1547 1464 1575 annus

91 1595 131 1632 in
150 1593 285 1633 nostris
311 1605 472 1643 quoque
500 1592 740 1633 dIstribuitur
765 1593 925 1635 Tabulis.
984 1593 1045 1633 Sic
1073 1607 1170 1646 ergo
1195 1604 1236 1632 et
1263 1594 1303 1632 in
1334 1589 1464 1630 nostro

91 1663 204 1696 anno,
239 1662 363 1689 annus
392 1649 536 1702 olymp.
566 1652 717 1690 LXXII.
739 1654 883 1703 primus
910 1649 1004 1699 (nec
1033 1651 1138 1688 enim
1165 1650 1257 1690 alios
1287 1659 1465 1697 mquam,

89 1719 206 1757 quarn
223 1709 362 1759 primos
383 1705 645 1758 Olympiadum,
664 1719 788 1746 annos
806 1706 992 1758 intelligit
1010 1705 1227 1759 Dionysius,
1260 1716 1345 1744 curn
1357 1716 1465 1755 quar-

88 1776 128 1802 to
147 1774 307 1814 quoque
327 1774 430 1800 anno
447 1761 673 1815 Olympiadis
692 1763 890 1815 meminit)
914 1762 962 1801 ad
981 1776 1129 1801 annum
1146 1761 1464 1813 vrbissequemcm

89 1818 270 1864 refertur,
301 1817 408 1867 quod
438 1817 552 1857 huius
576 1820 667 1857 anni
694 1818 827 1858 Palilia
855 1819 1011 1857 alterius
1042 1818 1192 1857 suerint
1225 1816 1463 1868 Olympiadis,

88 1884 128 1913 et
153 1874 259 1926 quod
289 1886 402 1912 nouae
431 1874 658 1925 Olympiadis
688 1876 833 1914 LXXII.
864 1888 969 1913 anno
999 1878 1119 1926 primo
1149 1873 1297 1913 fuerint
1317 1873 1462 1915 Palilia,

89 1942 190 1980 quae
219 1943 370 1968 nouum
395 1942 541 1968 annum
577 1930 811 1968 inchoarent
838 1929 1024 1981 Epochae
1054 1930 1247 1974 Romanae,
1275 1940 1376 1978 quae
1411 1926 1458 1966 ab

87 1985 179 2024 vrbe
198 1985 343 2024 condita
361 1996 488 2024 ortum
511 1985 677 2024 duxerit.
735 1988 785 2025 Et
815 1996 945 2024 tamen
971 1997 1061 2037 pars
1089 1986 1183 2025 anni
1215 1984 1460 2036 Olympiadici

87 2043 210 2095 longe
231 2042 388 2080 minima
414 2042 461 2080 ad
480 2055 626 2080 annum
649 2043 851 2081 Romanum
875 2040 1094 2093 spedabat,
1115 2043 1163 2082 ad
1184 2053 1303 2092 quem
1321 2039 1457 2077 nibilo-

87 2099 214 2136 minus
243 2109 339 2136 totus
365 2098 533 2135 refertur
559 2108 721 2149 propter
748 2098 884 2138 Palilia
907 2100 947 2137 in
965 2096 1076 2149 finem
1105 2098 1203 2136 illius
1229 2096 1454 2135 incidentia.

88 2154 166 2193 Sed
185 2152 234 2191 de
255 2150 430 2203 Palilibus
447 2153 627 2201 omnino,
656 2168 735 2192 non
757 2166 887 2194 autem
909 2154 959 2193 de
987 2155 1055 2200 die,
1078 2167 1155 2205 quo
1177 2152 1345 2203 Confiiles
1363 2151 1457 2190 inie-

90 2209 186 2256 rint,
226 2207 321 2248 haec
351 2208 616 2259 intelligenda
642 2207 748 2257 sunt,
788 2224 858 2261 pro
887 2208 1081 2249 sententia
1111 2209 1294 2260 Dionysii.
1371 2210 1457 2246 Hoc

87 2264 204 2311 enim,
235 2277 314 2315 quo
336 2262 540 2310 versamur,
569 2279 684 2317 anno,
713 2264 849 2304 mense
876 2265 1079 2317 Septembri
1106 2265 1257 2311 afl'effilo,
1286 2261 1457 2315 Consules

87 2319 258 2366 inibant,
300 2330 337 2358 vt
370 2333 391 2358 e
417 2319 597 2371 Diovvfio
626 2320 706 2372 ipso
733 2321 1000 2373 probabimus,
1033 2335 1136 2361 anno
1154 2321 1338 2374 sequenti.
1394 2318 1455 2359 Sic

87 2376 153 2414 illo
174 2373 254 2426 ipso
273 2389 377 2414 anno
401 2377 654 2428 Olympiadico
673 2377 833 2415 inierint
853 2377 1042 2428 Consules,
1074 2390 1192 2428 quem
1212 2389 1344 2417 tamen
1364 2373 1459 2426 CoJJ.⁸

75 2429 318 2485 sequentibus
347 2433 526 2471 concedit
557 2431 638 2483 ipse
659 2431 853 2486 Dioryfius
885 2446 1045 2484 propter
1059 2436 1273 2486 sequentia,
1302 2442 1338 2469 vt
1365 2431 1454 2474 dixi,

87 2486 237 2528 Palilia.
280 2488 340 2526 Sic
357 2499 453 2539 ergo
473 2487 512 2524 in
534 2489 749 2527 Annalibus
768 2490 943 2528 Romanis
962 2489 1208 2541 intelligendi
1228 2497 1343 2526 erunt
1363 2486 1453 2523 anni

89 2542 317 2594 Confidares,
350 2553 388 2581 vt
404 2558 424 2582 a
444 2543 624 2582 Palilibus
642 2557 777 2584 omnes
797 2545 842 2583 ad
857 2547 1033 2597 proxima
1061 2546 1286 2596 pertingant
1308 2541 1453 2586 Palilia,

86 2609 323 2651 quacunque
361 2599 519 2638 demum
553 2600 647 2638 anni
677 2612 786 2651 parte
821 2600 951 2638 inierit
977 2599 1112 2650 Consul
1146 2610 1237 2638 anre
1278 2598 1451 2648 proxima

790 2659 862 2695 Vu
893 2667 921 2708 4
1307 2653 1450 2692 Palilia.

1350 2738 1369 2749 κ
