1796 3120
167 110 269 150 PRO
300 109 704 154 HYPOEHESIBVS
735 111 975 154 DIONYSII
1004 112 1296 155 HALICARN.
1352 121 1471 172 2719

65 212 207 254 ferunt
237 214 420 256 rationes.
480 219 591 257 Haec
609 216 738 269 potius
758 216 992 270 reponenda
1016 218 1192 267 arbitror,
1213 230 1329 270 quam
1352 229 1391 258 vt
1409 220 1461 260 de

67 282 117 310 eo
141 269 267 312 Fuluii
294 271 500 328 Confidam
540 273 784 321 dubitemus,
818 287 938 324 quem
965 272 1219 314 nihilominus
1250 275 1460 331 ambiguum

66 324 202 366 censet
217 325 363 369 Liuius.
422 329 543 380 Quod
563 328 705 369 scilicet
726 329 853 369 variae
872 330 1024 370 suerint
1043 329 1093 369 de
1114 342 1162 368 eo
1184 331 1356 370 Veterum
1374 330 1458 370 sen-

66 383 225 423 tentiae.
257 383 334 423 Illis
353 395 486 425 autern
508 384 741 438 suffragatur
762 384 959 426 Fastorum
981 385 1279 438 Capitolinorum
1299 387 1454 433 Auctor,

62 438 132 489 qui
161 439 212 478 de
239 452 391 480 eonon
408 441 669 494 ambigerent,
699 441 844 480 merito
862 439 962 487 sane,
991 442 1032 479 in
1067 441 1137 482 hac
1164 442 1290 490 causa,
1321 443 1454 496 magni

61 493 276 536 faciendus.

173 549 260 591 Post
279 563 372 605 301.
426 553 570 592 *Hanc
596 552 714 592 etiam
739 551 980 592 Dic'laturam
1008 552 1167 592 alterius
1205 551 1319 593 suist'e
1359 553 1453 593 anni

61 620 84 647 a
101 606 318 658 Consulibus
335 608 677 659 praecedentibus,
705 622 777 660 pro
800 606 997 648 sententia
1015 610 1231 657 Annalium,
1262 609 1453 649 habemus

60 662 180 703 etiam
206 663 247 702 in
269 664 376 704 Liuio
398 662 490 716 'ipso
513 663 666 703 indicia.
727 663 864 716 Confid
888 664 993 703 enim
1014 665 1055 702 in
1078 678 1225 704 annum
1242 665 1452 719 fiqucntem

60 730 86 756 e
101 718 303 760 Dinaeam
319 718 440 760 fastus
462 719 517 758 est
533 720 640 759 idem
656 720 717 760 M.
731 722 901 760 Valerius
917 721 1119 760 Maximus
1138 735 1212 759 non
1234 733 1370 772 petens,
1389 722 1452 760 ab·

44 773 226 829 simque.-
274 774 326 815 Et
341 776 639 832 perInterr-egem
658 790 699 816 ea
716 778 878 817 Comitia
887 775 998 827 fhc‘t‘a
1019 776 1146 824 tradit,
1169 789 1193 814 e
1217 779 1451 831 quorundam

61 828 264 877 sententia,
294 832 435 872 Liuius.
495 835 553 871 Ex
573 845 632 879 eo,
655 833 760 883 quod
800 833 974 873 Interrex
1002 832 1179 871 Comitiis
1217 833 1448 884 praefuerit,

33 886 325 939 -intelligimus,
344 889 393 927 ad
412 888 599 939 temporis
619 889 779 944 legitimi
798 888 921 928 finem
941 889 983 928 in
993 887 1229 943 Magiflrazu
1248 887 1362 927 fuisse
1377 890 1450 930 Di-

56 943 244 983 c'latorem.
309 944 574 996 Intelligimus
607 956 825 996 praeterea,
854 944 974 985 nullos
1022 951 1104 983 tum
1142 944 1184 982 in
1215 944 1447 997 Magistratu

56 996 172 1039 fuisse
192 997 386 1053 Consules,
415 1000 494 1051 qui,
523 999 549 1038 fi
575 998 736 1040 fuissent
764 1001 838 1048 vni,
868 997 1108 1047 obstitifl'ent,
1137 1013 1215 1050 quo
1243 1002 1372 1039 minus
1397 1002 1447 1041 ad

54 1055 316 1112 Interregnum
342 1068 403 1095 res
431 1057 589 1096 rediret.
648 1059 736 1096 Hoc
776 1068 909 1097 autern
937 1057 980 1096 in
1005 1055 1076 1096 hac
1100 1056 1303 1098 Dictatura
1333 1056 1446 1097 tertia

42 1111 237 1167 singulare
258 1109 484 1152 obseruauit
504 1113 660 1160 Idatius,
692 1114 799 1152 cuius
818 1112 915 1153 haec
934 1110 1023 1152 sunt
1045 1114 1181 1152 verba:
1219 1112 1304 1152 Sine
1328 1111 1448 1166 ConJJI

53 1168 242 1209 Coruinus
268 1168 448 1209 Dic‘lator
473 1182 511 1209 et
536 1170 716 1209 Aemilius
745 1168 930 1224 Magister
965 1169 1145 1222 Equitum
1178 1167 1352 1222 menstbus
1375 1171 1445 1208 VI.

55 1224 292 1264 Metuebam
310 1221 412 1272 sane,
434 1237 486 1263 ne
504 1238 553 1264 ex
574 1239 700 1265 errore
723 1223 789 1264 suo
813 1225 909 1265 haec
929 1222 1143 1264 tradidiss'et
1161 1225 1317 1273 Idatius,
1340 1237 1362 1263 e
1384 1237 1446 1263 ve-

54 1278 197 1320 rifimili
217 1278 417 1320 occasione
435 1292 537 1330 nato,
566 1281 673 1332 quod
693 1284 829 1322 veteris
851 1280 1076 1320 Dieaturae
1105 1282 1216 1320 limes
1236 1278 1368 1321 fuiss'et
1386 1293 1446 1319 re·

53 1349 145 1376 vera
172 1337 444 1376 tantummodo
459 1336 652 1390 fimestris.
723 1337 770 1378 Id
795 1348 927 1378 autem
947 1336 1022 1376 iam
1052 1348 1130 1386 quo
1148 1337 1277 1376 minus
1306 1349 1445 1376 verum

53 1391 133 1432 esse
162 1394 330 1442 credam,
358 1392 462 1441 facit,
491 1394 598 1444 quod
625 1407 706 1433 non
734 1393 840 1433 idem
868 1393 908 1432 in
929 1392 1080 1447 reliquis
1098 1393 1215 1433 etiam
1236 1393 1446 1433 Dic‘laturis

52 1450 194 1489 annuis
213 1446 439 1490 obseruarit.
499 1450 602 1490 Hinc
621 1450 749 1502 potius
767 1447 945 1501 suspicor,
963 1449 1074 1488 illum
1096 1448 1192 1489 haec
1216 1461 1265 1487 ex
1285 1448 1445 1499 Histori-

53 1509 100 1544 cis
120 1502 282 1543 haufiffe
302 1506 580 1545 monumentis.
636 1509 727 1546 Non
755 1506 861 1545 enim
891 1504 1083 1557 obstabant
1101 1505 1250 1557 priores
1271 1507 1443 1544 Dictatu-

53 1574 119 1600 rae
144 1573 299 1608 annuae,
327 1573 405 1612 quo
431 1563 561 1601 minus
581 1560 691 1609 haec,
719 1574 791 1614 pro
821 1563 944 1601 veteri
959 1573 1081 1608 more,
1112 1561 1234 1601 fuerit
1246 1560 1441 1612 fimestris.

51 1619 254 1667 Tempora
281 1617 389 1658 enim
408 1617 710 1671 Magistratuum
736 1630 861 1670 penes
885 1617 1060 1657 Senatum
1089 1628 1212 1663 erant,
1235 1630 1309 1656 nec
1329 1626 1441 1656 erant

52 1671 207 1724 semper
232 1675 340 1715 unius
366 1675 477 1714 modi.
535 1680 700 1713 Annum
728 1677 912 1730 integrum
941 1675 982 1712 in
1013 1672 1284 1724 Proconsulatu
1311 1672 1440 1711 tenuit

42 1733 187 1783 primus
212 1729 431 1777 proconsul,
448 1728 633 1771 Publilius
663 1729 783 1771 Philo.
841 1729 953 1770 Fabii
972 1740 1104 1770 autem
1132 1740 1174 1768 et
1191 1730 1313 1776 Decii,
1337 1729 1441 1768 Con-

53 1783 178 1824 sulum
205 1785 562 1833 celeberrimorum,
583 1785 624 1825 in
648 1785 726 1838 fix·
753 1786 942 1826 duntaxat
979 1786 1026 1825 ab
1056 1785 1188 1825 exacto
1222 1783 1438 1825 Consulatu

0 1846 1 1852 ’
50 1841 182 1892 menfts
212 1853 467 1897 prorogatum
500 1843 668 1896 legimus
695 1844 921 1894 Imperium.
978 1842 1040 1881 Sic
1066 1852 1106 1880 et
1133 1841 1174 1881 in
1198 1840 1280 1893 ipso
1309 1839 1441 1879 officio

51 1897 290 1937 Diaazurae.
346 1899 454 1939 Illam
489 1910 699 1952 perpetuam
736 1909 828 1937 ante
858 1896 1055 1951 Caqfizrum
1082 1907 1285 1949 acceperat
1322 1894 1437 1947 Sylla.

51 1955 144 1993 Non
177 1964 308 1994 tamen
339 1966 550 2006 propterea
576 1955 802 1995 Dic'lamrae
837 1967 972 1993 omnes
1000 1953 1186 2004 deinceps
1217 1962 1328 1991 erant
1356 1963 1439 2005 per-

44 2022 190 2063 petuae.
248 2010 544 2063 Imofi‘mestrem
565 2011 700 2063 primo,
721 2021 804 2049 tum
823 2010 970 2050 deinde
990 2022 1142 2058 annuas,
1165 2008 1341 2059 denique
1358 2019 1440 2061 per-

45 2078 208 2120 petuam,
227 2077 266 2103 vt
290 2065 411 2106 visum
434 2066 487 2105 est
507 2067 680 2114 Senatui,
711 2067 861 2118 accepit
878 2064 963 2118 ipse
984 2066 1129 2116 Cacglizr.
1188 2067 1244 2104 lta
1265 2079 1285 2103 a
1305 2063 1439 2103 Kalen-

50 2124 109 2162 dis
130 2121 349 2164 Oblobribus
378 2122 618 2162 Diuaturam
643 2123 773 2161 inierit
809 2122 974 2161 Valerius
1004 2123 1209 2166 Coruinus,
1237 2118 1444 2170 sequentis·

53 2179 145 2218 anni
163 2177 342 2219 Kalendis
363 2180 523 2220 Martiis
545 2179 672 2218 officio
691 2176 930 2218 discefi'urus.
990 2180 1088 2216 Nam
1110 2177 1150 2214 in
1171 2179 1299 2216 annuis
1313 2175 1440 2228 Magi-

52 2233 228 2274 stratibus
250 2234 439 2274 menfinm
466 2234 750 2275 Jmercalarium
777 2234 967 2274 rationem
989 2232 1189 2272 habebant
1217 2233 1334 2283 plane
1353 2232 1441 2270 nul-

51 2291 140 2330 lam.
195 2290 257 2330 Sic
283 2301 414 2331 tamen
440 2294 479 2331 in
501 2290 645 2331 finibus
667 2289 898 2342 semestribus
938 2291 1128 2329 rationem
1157 2288 1304 2326 habere
1331 2286 1440 2340 pote·

53 2356 149 2391 rant,
179 2357 218 2384 vt
243 2346 416 2388 mensem
447 2351 632 2404 integrum
659 2349 699 2387 in
721 2358 797 2387 tam
823 2358 1026 2399 paucorum
1053 2342 1244 2383 menslum
1270 2354 1440 2382 numero

52 2401 241 2442 accedere
273 2417 351 2441 non
373 2414 612 2455 paterentur.
673 2403 793 2451 Quod
814 2402 896 2441 fien'
920 2400 1004 2441 satis
1024 2399 1231 2439 commode
1253 2400 1390 2450 potuit,
1412 2394 1440 2435 fi

51 2457 225 2498 Kalendis
258 2460 418 2500 Martiis
446 2459 679 2511 sequentem
699 2457 957 2499 Consulatum
987 2456 1119 2495 inierit
1144 2455 1325 2495 Valerius.
1382 2455 1438 2492 Ira

52 2515 230 2564 quidem,
248 2513 272 2551 fi
290 2514 451 2569 legitimo
470 2526 650 2569 tempore
670 2514 863 2569 fiqucntis
891 2513 985 2554 anni
1006 2510 1248 2563 Consulatum
1268 2507 1437 2549 iniuifl'et

55 2570 231 2611 Valerius.
264 2571 353 2617 Sed,
375 2569 538 2611 absente
560 2573 767 2618 Dic‘lamre,
788 2584 875 2610 curn
896 2570 1027 2609 nullus
1045 2566 1141 2606 efl'et
1162 2568 1202 2605 in
1222 2565 1436 2616 Republica

53 2623 213 2672 Consul,
233 2627 300 2677 qui
320 2627 496 2667 comitiis
516 2626 727 2680 praeess'et‚
761 2627 808 2667 ab
827 2627 1017 2680 Interrege
1035 2622 1202 2663 Comitia
1221 2621 1350 2660 habita
1371 2619 1438 2659 do·

53 2692 116 2722 cet
141 2682 280 2729 Liuius,
302 2683 442 2733 quibus
462 2684 706 2738 Consulatum
724 2683 834 2722 illurn
853 2680 1049 2732 acceperit
1069 2678 1250 2718 Valerius.
1310 2679 1367 2715 Ita
1385 2676 1439 2737 sa:

53 2738 168 2785 stum,
198 2749 236 2777 vt
256 2749 352 2779 ante
376 2740 466 2781 Idus
485 2740 654 2783 Martias
673 2736 930 2781 Consulatum
954 2738 1051 2776 inire
1068 2748 1150 2774 non
1170 2732 1352 2785 potuerit,
1373 2744 1442 2822 qu

623 2798 717 2835 Aaa
741 2807 766 2835 2
1354 2800 1408 2838 ,Ρο
