1796 3120
299 119 412 168 '2728
469 113 662 153 NOTAE
692 111 771 152 AD
809 108 1082 151 CHRONOL.
1112 108 1292 150 GRAEC
1304 109 1643 151 o-ROMANAM

301 219 457 270 collega
475 216 613 264 Domi,
635 226 675 254 vt
693 214 863 267 proinde
879 214 976 255 alius
999 213 1132 254 nullus
1149 211 1247 252 effet
1263 213 1305 253 in
1321 215 1534 267 Republica
1548 214 1696 266 Constet,

305 276 374 326 qui
397 275 570 315 Comitiis
586 268 792 325 praeesset.
851 270 955 310 Illud
973 282 1068 309 vero
1098 268 1301 319 difficilius,
1334 283 1414 322 quo
1432 270 1542 323 pafi‘to
1561 270 1695 311 Kalen·

304 332 374 371 dae
390 329 631 371 Intercalares
658 329 700 367 iu
726 339 842 373 anno,
873 325 996 377 qualis
1015 325 1078 364 hie
1099 324 1164 373 est,
1193 328 1345 366 minime
1369 326 1618 367 Embolimaeo
1640 328 1695 366 lo-

302 401 395 427 cum
418 385 567 426 habere
595 381 759 437 pofi'ent.
821 384 886 421 De
912 381 987 421 hoc
1013 382 1165 435 egimus
1190 381 1290 434 Dtff
1309 384 1354 421 Χ.
1391 383 1442 422 de
1464 384 1562 435 Cycl.
1580 390 1693 439 §.52

303 445 397 483 Non
425 452 559 481 tamen
577 442 649 487 ita,
680 449 719 477 vt
745 439 805 478 vel
845 436 971 478 Nobis
999 435 1307 477 satisfecerimus.
1363 439 1568 489 Conemur
1596 452 1696 492 ergo

302 498 478 538 meliora.
534 499 628 537 Erat
645 507 795 546 nempe
819 494 923 546 apud
941 507 1092 539 veteres,
1121 506 1203 532 non
1222 492 1348 547 mensts
1366 490 1555 535 duntaxat
1576 497 1695 536 Inter-

302 555 447 602 calaris,
474 565 611 592 verum
631 551 749 590 etiam
768 549 1002 591 Intercalaris
1026 562 1188 600 quoque
1204 550 1290 591 dies.
1334 550 1577 594 Macrobius:
1609 552 1696 592 Hoc

303 611 362 664 est,
382 610 483 664 quod
502 610 651 663 quidam
668 620 835 648 veterum
855 606 1073 654 retulerunt,
1094 619 1170 646 non
1185 606 1310 658 Jblum
1336 606 1488 658 menfim
1504 609 1604 660 apud
1619 608 1696 648 Ro-

303 681 439 716 manos,
457 679 584 706 verum
601 667 712 707 etiam
730 664 824 703 diem
843 661 1097 704 intercalarem
1101 662 1228 716 fug‘ffi‘.
1258 666 1412 704 Saturn.
1427 665 1456 702 Ι.
1471 675 1486 705 1
1497 675 1532 716 3.
1580 666 1695 703 Pote-

306 734 364 764 rat
382 736 479 777 ergo
505 723 581 762 dies
599 721 837 760 intercalaris
859 719 901 759 in
935 731 984 757 eo
1001 732 1098 759 anno
1117 719 1248 758 locum
1267 718 1428 766 habere,
1459 718 1501 758 in
1519 732 1597 770 quo
1617 720 1695 760 nul-

304 780 362 820 lus
389 790 520 819 tamen
550 778 680 817 locum
715 776 898 816 habuerit
925 773 1048 826 menfis
1079 775 1325 815 intercalaris.
1383 777 1448 814 De
1478 774 1591 815 huius
1617 774 1696 816 diez·

303 834 585 877 intercalatione
602 832 651 872 fic
672 833 779 872 idem
800 831 1049 872 Macrobius:
1089 832 1231 871 Eorum
1252 830 1415 886 (inquit)
1434 830 1482 883 est
1506 832 1696 885 permiffias

304 892 475 938 arbitrio,
494 893 559 944 qui
566 889 680 942 fizstis
693 901 907 943 praeerant,
926 889 996 934 vti,
1015 901 1094 927 cum
1109 889 1250 934 vellent,
1263 880 1575 927 intercalaretur:
1593 890 1694 929 dum-

305 950 413 991 modo
431 961 511 987 eum
537 949 578 986 in
597 947 714 986 medio
737 942 1052 986 Terminaltorum
1078 955 1114 986 et
1131 943 1257 996 menfii·
1273 944 1510 989 intercalaris
1527 947 1581 984 ita
1599 947 1696 985 loca-

307 1019 401 1052 rent,
421 1017 463 1044 vt
489 1018 511 1043 a
519 1002 692 1055 fitspec‘i‘o
718 1003 776 1042 die
795 999 1038 1041 celebritatem
1056 1013 1269 1040 auerterent
1286 1001 1544 1040 nundinarum.
1580 1002 1695 1041 Male

307 1061 470 1114 quidem
494 1058 578 1112 ipse
595 1059 692 1099 haec
711 1059 760 1099 ad
778 1059 872 1098 diem
893 1055 1080 1107 cuiusque
1107 1057 1200 1097 anni
1219 1056 1434 1095 communis
1453 1068 1532 1110 355
1551 1057 1696 1104 retulit,

306 1120 376 1170 qui
395 1127 478 1156 erat
494 1129 565 1168 pro
589 1115 692 1165 Cycli
712 1115 807 1167 lege
826 1124 1034 1167 perpetuus,
1065 1113 1215 1164 quique
1242 1111 1526 1164 postremorum
1545 1112 1697 1153 Merke-

304 1176 502 1216 domorum
524 1171 770 1210 mutilatione
789 1168 1078 1216 resarciebatur,
1099 1181 1174 1208 nec
1196 1168 1341 1221 egebat
1361 1168 1585 1221 Pontificum
1607 1183 1696 1222 pru-

304 1231 452 1276 dentia,
486 1238 524 1267 vt
539 1228 759 1279 fizrciretur.
815 1229 865 1266 Et
893 1226 996 1264 male
1028 1223 1156 1264 rursus
1175 1225 1224 1264 ad
1242 1225 1509 1265 Nundinarum
1530 1224 1696 1264 auerfio-

306 1300 414 1327 nem.
470 1283 589 1334 Quasi
611 1295 701 1322 vero
721 1282 818 1321 nulii
837 1279 998 1322 fuiffent
1018 1281 1122 1334 apud
1141 1281 1326 1320 Romanos
1346 1281 1428 1320 dies
1440 1280 1570 1334 nefissti
1586 1294 1696 1333 prae-

307 1355 368 1383 ter
383 1342 480 1390 illos,
509 1343 577 1392 qui
594 1341 841 1379 nundinarum
860 1335 1046 1377 concursu
1076 1337 1208 1389 ney‘asti
1231 1336 1514 1377 efficiebantur.
1570 1337 1696 1388 Atqui

305 1399 508 1452 istiusmodi
531 1396 688 1449 nefiistos
713 1397 795 1435 dies
812 1394 924 1436 nullos
951 1390 1065 1432 fuiffe
1093 1393 1150 1432 his
1174 1393 1302 1433 Duilii
1333 1392 1574 1445 temporibus
1602 1393 1695 1433 alibi

307 1455 572 1509 probauimus,
605 1453 674 1504 qui
693 1461 857 1503 propter
887 1450 1090 1490 Nundinas
1116 1460 1393 1488 concurrentes
1417 1449 1549 1501 nefasti
1576 1448 1695 1488 habe-

308 1521 457 1552 rentur.
514 1511 558 1550 Id
585 1519 719 1548 tamen
749 1508 864 1553 recte,
891 1516 932 1544 et
960 1519 1030 1557 pro
1056 1506 1269 1553 Annorum,
1298 1518 1468 1555 quorum
1495 1504 1614 1544 fidem
1637 1503 1693 1543 est

309 1567 473 1615 secutus,
490 1566 689 1619 sententia,
715 1562 952 1610 Macrobius,
982 1561 1089 1612 quod
1107 1561 1260 1600 dierum
1277 1560 1497 1614 nefastorum
1516 1571 1693 1599 exemto-

308 1637 397 1664 rum
420 1624 503 1664 loca
526 1621 649 1662 diebus
677 1621 781 1659 hisce
810 1616 1095 1660 Intercalaribus
1127 1615 1409 1668 suppleuerint.
1463 1617 1562 1657 lude
1582 1616 1691 1656 enim

308 1680 406 1720 ratio
432 1679 587 1726 constat,
618 1691 685 1717 cur
704 1676 854 1716 fuerint
871 1672 1094 1725 Pontificum
1124 1673 1281 1713 arbitrio
1297 1672 1563 1723 permittendi,
1583 1673 1692 1723 quod

308 1737 413 1787 Cycla·
431 1736 585 1789 legibus
605 1733 720 1773 nuliis
735 1732 777 1770 in
796 1731 1003 1782 vniuerfhm
1021 1731 1104 1770 latis
1124 1739 1165 1768 et
1178 1730 1374 1783 perpetuis,
1389 1728 1587 1766 eximendi
1605 1729 1691 1767 fue-

308 1792 395 1840 rint,
425 1804 492 1831 aut
511 1789 730 1842 supplendi,
763 1786 828 1827 sed
857 1785 1144 1827 circumstantiis
1163 1798 1232 1836 pro
1252 1799 1292 1824 re
1312 1797 1401 1823 nata
1419 1783 1527 1822 variis
1549 1793 1689 1820 vti-um·

307 1849 363 1888 vis
383 1847 647 1901 exigentibus.
687 1847 904 1902 ‚Qgtotannis
927 1845 1032 1882 enim
1050 1855 1132 1880 non
1151 1841 1427 1880 eximebantur
1444 1837 1512 1890 ipsi
1532 1838 1586 1876 illi
1606 1836 1689 1876 dies

308 1903 451 1956 nefisti,
482 1902 549 1943 sed
569 1903 721 1953 quoties
750 1913 881 1939 rerum
901 1898 1085 1953 auspicato
1106 1896 1371 1949 gerendarum
1403 1896 1548 1934 malum
1570 1905 1690 1932 omen

308 1961 517 2001 inferrent.
574 1961 665 1998 Non
695 1967 800 1997 certe
830 1969 900 2008 pro
932 1955 1114 2005 exemplo
1143 1954 1388 1997 Graecorum,
1422 1950 1561 2001 quibus
1582 1948 1688 1987 diem

309 2017 591 2058 Boedromionis
611 2028 648 2055 2.
686 2022 882 2066 perpetuo
905 2012 1106 2052 exemtilem
1153 2006 1266 2048 fuifl'e
1305 2008 1420 2047 docet
1451 2003 1688 2046 Plutarchus.

309 2073 487 2114 Romanis
516 2084 668 2110 morem
692 2070 811 2108 alium
838 2065 964 2115 fuisse,
991 2080 1040 2106 ex
1066 2065 1124 2104 his
1143 2061 1335 2104 Macrobii
1354 2062 1477 2103 verbis
1499 2058 1687 2100 discimus.

309 2131 442 2184 Legem
459 2130 565 2167 enim
585 2127 690 2165 illam
702 2122 940 2176 Pontificibus
959 2120 1172 2175 impofitam
1190 2119 1425 2171 supponunt,
1440 2131 1493 2156 ne
1515 2130 1593 2168 quo
1609 2116 1689 2155 alio

310 2187 353 2224 in
372 2187 453 2226 loco
482 2184 565 2223 dies
585 2181 815 2222 intercalaris
840 2179 1131 2223 immitteretur,
1162 2190 1278 2227 quam
1296 2175 1411 2215 medio
1430 2171 1690 2213 Terminalium

309 2241 504 2295 menfisque
523 2239 770 2279 Intercalaris.
827 2236 937 2284 Quid
964 2247 1060 2286 ergo
1080 2230 1301 2283 Ponttficum
1328 2229 1488 2270 arbitrio
1513 2229 1690 2267 relietum

311 2296 610 2338 arbitrabimur?
657 2298 822 2345 Nempe,
851 2302 889 2331 vt
914 2290 984 2342 ipfi
1011 2290 1163 2329 Iudices
1182 2286 1317 2334 essent,
1344 2286 1484 2337 quibus
1502 2284 1612 2323 annis
1628 2297 1690 2323 ne-

311 2353 450 2407 cessarit·
469 2350 604 2398 essent,
623 2351 665 2389 in
681 2351 743 2389 illo
764 2359 926 2399 quoque
947 2346 1036 2392 loco,
1058 2345 1136 2384 dies
1155 2344 1394 2383 Intercalares
1411 2341 1518 2380 malis
1536 2340 1690 2378 dierum

309 2409 537 2462 nefastorum
563 2407 756 2445 ominibus
783 2419 805 2443 a
830 2401 1043 2453 Republica
1081 2399 1410 2444 auerruncandis3
1453 2407 1493 2434 et
1524 2396 1688 2442 vicissim,

311 2467 452 2518 quibus
478 2463 570 2503 nulli
602 2458 803 2500 necess'arii
837 2456 978 2497 efl’ent:
1024 2456 1069 2495 Id
1098 2467 1259 2506 quoque
1287 2465 1324 2492 vt
1361 2452 1429 2505 ipfi
1464 2451 1688 2498 statuerent,

309 2522 469 2574 quando
481 2518 620 2574 finguli
639 2516 862 2556 sufficerent
883 2511 1146 2555 Intercalares;
1183 2511 1343 2561 quaudo
1366 2522 1456 2547 vero
1474 2508 1582 2548 Salus
1606 2506 1691 2546 Rei-

309 2578 490 2631 publicae
521 2574 743 2627 postularet‚
763 2584 838 2608 vno
865 2570 982 2609 etiam
1004 2569 1137 2620 plures.
1196 2569 1308 2605 Raras
1343 2577 1449 2605 certe
1476 2564 1557 2602 illas
1576 2559 1692 2602 fuisse

309 2633 611 2675 Intercalationes
633 2629 763 2668 innuit
782 2627 926 2674 Liuius,
957 2625 1052 2664 dum
1080 2623 1120 2662 id
1139 2621 1341 2663 Annalibus
1360 2621 1526 2673 dignum
1546 2616 1691 2665 censet,

310 2692 405 2730 dum
431 2688 613 2728 Le&01·es
641 2685 693 2724 de
714 2696 762 2722 eo
793 2693 949 2728 monet,
977 2680 1118 2731 quibus
1141 2680 1250 2718 annis
1278 2677 1398 2717 fuerit
1424 2674 1693 2715 intercalatum.

310 2748 394 2787 Nec
413 2745 476 2787 aiii
495 2753 602 2785 certe
627 2740 879 2788 intercalares,
908 2749 1026 2791 quam
1047 2736 1133 2785 dies,
1142 2733 1311 2786 intelligi
1328 2729 1496 2784 poffunt,
1516 2732 1583 2781 qui
1590 2742 1697 2840 Jngn·

1615 2803 1627 2827 1
1653 2799 1696 2826 u‘*
1792 2806 1796 2824 ι
