1796 3120
308 121 421 165 2662
476 121 668 162 NOTAE
695 123 778 161 AD
809 118 1080 162 CHRONOL.
1111 121 1626 164 GRAECO—ROMANAM

311 227 426 272 nium,
454 224 481 263 fi
501 225 540 265 ln·
558 224 627 277 ipfi
653 224 820 275 Consules
839 237 910 275 pro
927 224 1006 276 fiiu
1036 223 1290 276 disponantur
1312 228 1559 268 Varroniano.
1616 227 1695 268 Sed

312 281 504 332 Tyranni,
539 282 708 331 quitum
729 282 770 320 in
798 280 924 321 Sicilia
955 278 1183 328 succefferit,
1211 295 1358 321 nomen
1389 288 1419 320 ἐν
1447 289 1604 331 ἀρχαίαις
1621 284 1696 323 Ro-

314 351 507 377 manorum
540 343 755 385 ἂνανγςαιφαῖς
781 336 934 375 nullum
965 335 1139 389 agnoscit
1168 335 1281 377 fuiffe
1302 339 1510 389 Dionysius.
1568 340 1695 390 quue

315 405 453 432 verum
473 404 532 431 res
551 391 630 444 ipsa
657 392 784 439 vincit,
817 405 903 431 cum
922 392 1082 440 fuerint,
1096 394 1162 444 qui
1183 394 1229 433 ad
1240 394 1458 446 Dionyfi‘um
1477 397 1693 442 retulerint,

315 461 392 488 nec
409 448 618 501 ignobiles,
660 447 842 499 Historici
863 449 1034 489 Romani.
1091 450 1256 489 Immani
1277 451 1450 502 quidem,
1476 452 1609 490 necin
1628 451 1696 490 illa

314 517 479 555 quoque
507 515 612 544 tanta
630 504 809 556 vetustate
837 505 1008 546 ferendo
1037 516 1181 550 errore,
1212 505 1254 544 in
1276 520 1352 557 qua
1374 506 1545 546 modicos
1563 507 1694 546 feren—

316 563 386 600 dos
408 559 542 599 censet
562 561 785 611 Dionysius.
844 561 962 601 Nulla
982 561 1118 610 itaque
1139 561 1230 601 hinc
1256 561 1445 615 speranda
1474 560 1529 601 est
1559 575 1696 602 norma

309 629 427 657 verae
459 616 736 673 Chronologiae.

256 676 259 677 ⁷
426 685 520 726 490.
563 674 630 713 Ad
669 687 804 713 nouum
844 672 1120 726 progredimur
1163 686 1313 713 annum
1352 674 1549 715 Iulianum.
1612 673 1693 714 Sub

311 726 451 769 iisdem
471 739 613 778 tamen,
643 732 711 781 qui
731 729 939 783 superioris
961 729 1052 768 anni
1072 728 1247 770 Kalendis
1267 731 1484 784 Septembris
1514 728 1692 776 inierant,

310 785 542 836 Consulibus.
563 788 628 825 IV.
648 787 703 826 Id.
726 787 816 826 Dec.
837 795 912 825 vet.
936 784 1207 836 Magistratum
1228 785 1430 838 capefl'unt
1449 786 1561 838 primi
1577 784 1695 825 Plebis

269 868 273 872 1
316 841 492 889 Tribuni,
526 842 742 881 Decembris
773 854 920 893 nempe
950 845 1084 881 veteris
1111 842 1176 881 die
1195 844 1239 881 X.
1292 846 1434 883 Annus
1463 842 1584 882 adhuc
1611 850 1695 880 erat

311 898 416 947 Cycli
437 895 525 938 XX.
556 912 635 949 quo
667 899 749 938 dies
776 899 843 937 ille
871 896 1041 937 Decemb.
1073 911 1144 937 vet.
1169 900 1215 938 X.
1245 912 1333 938 cum
1360 899 1527 940 Ianuarii
1557 898 1694 937 Iuliani

309 954 376 994 die
398 954 660 994 concurrebat
687 958 786 995 XIX.
821 955 914 993 Pace
939 955 1123 993 nimirum
1149 968 1237 993 cum
1265 955 1401 996 Senatu
1439 968 1512 1007 per
1536 953 1693 994 feciales

309 1009 471 1050 firmata.
493 1025 529 1062 p.
551 1024 643 1064 395.
673 1012 781 1061 quod
811 1021 904 1049 ante
933 1010 1025 1049 Dec.
1047 1012 1164 1050 XXV.
1192 1010 1325 1052 Iulian.
1358 1011 1502 1052 facium
1529 1008 1697 1049 ostendi-

309 1079 406 1106 mus.
462 1072 596 1106 Antea
635 1078 778 1113 tamen,
809 1079 927 1117 quam
945 1080 1100 1106 amante
1127 1067 1237 1106 Sacro
1268 1065 1545 1108 discederetur.
1604 1068 1692 1107 Per-

310 1123 401 1162 affis
422 1123 529 1161 enim
551 1124 723 1163 Comitiis
741 1124 837 1161 noui
861 1123 1026 1160 veniunt
1045 1137 1066 1161 a
1091 1126 1237 1163 Senatu
1256 1123 1401 1177 Legati,
1422 1133 1463 1162 et
1482 1135 1588 1162 noua
1605 1135 1695 1162 con-

309 1178 465 1218 ceditur
489 1181 596 1219 Pacis
622 1181 799 1226 conditio,
833 1189 879 1217 vt·
891 1179 1060 1218 Tribuni
1073 1178 1302 1234 fizcrofimm
1325 1190 1366 1219 et
1382 1178 1609 1219 inuiolabiles
1630 1177 1693 1217 ha-

309 1235 516 1275 berentur.
604 1236 674 1276 {iffi
704 1235 852 1274 deinde
874 1236 914 1274 in
937 1235 1103 1275 Siciliam
1133 1236 1182 1274 de
1200 1249 1243 1274 re
1271 1237 1529 1289 frumentaria
1558 1233 1689 1287 legati.

308 1290 412 1330 Inita
433 1292 537 1338 Pace,
559 1304 633 1331 nec
653 1292 718 1331 diu
740 1289 885 1343 postea.
914 1291 1059 1332 Adhuc
1079 1292 1185 1330 enim
1208 1298 1258 1330 ἐπὶ
1281 1292 1383 1330 πολὺ
1403 1293 1520 1339 χςὸνον
1546 1292 1588 1331 L.
1601 1290 1690 1329 VII.

310 1362 350 1399 p.
371 1360 468 1399 402.
487 1358 591 1386 terra
613 1348 686 1387 coli
706 1361 786 1385 non
807 1347 945 1399 potuit,
972 1358 1008 1385 vt
1028 1346 1112 1399 spes
1129 1348 1292 1399 flaturae
1321 1346 1434 1403 meffis
1462 1357 1613 1387 remota
1639 1342 1692 1389 es-

310 1401 382 1449 set,
412 1416 488 1442 nec
527 1404 662 1444 multae
696 1401 943 1455 superessent
959 1405 1098 1458 fruges
1127 1417 1176 1443 ex
1205 1418 1309 1444 anno
1328 1406 1533 1458 superiori.
1587 1401 1691 1441 Miffi

309 1457 400 1500 sunt
418 1462 560 1506 χειμῶνι,
583 1471 623 1498 et
650 1459 838 1507 χειμερινῆν
856 1461 898 1499 in
924 1461 1050 1500 Sicilia
1082 1459 1168 1506 αἴραν
1196 1472 1432 1513 exegerunt.
1488 1457 1691 1501 Διελθόντωυ

309 1518 392 1554 ἰτῶν
423 1516 646 1555 ἔπΊακαίδεκα
672 1531 693 1555 a
712 1516 926 1571 Regffugio‚
955 1526 993 1554 vt
1022 1515 1216 1558 Licinnius
1243 1527 1283 1555 et
1300 1517 1444 1564 Gellius,
1496 1515 1555 1563 ²5?
1597 1512 1691 1553 ἄλλοι

309 1571 437 1619 σχεδδν
466 1570 628 1619 ἅπαντες,
658 1572 805 1622 inquit,
844 1581 1054 1619 συγγραφεῖς
1089 1573 1294 1620 ὅμολογέσιν.
1350 1572 1565 1624 Hucusque
1593 1582 1689 1623 ergo

311 1638 439 1668 tantus
460 1639 542 1667 erat
558 1629 600 1667 in
614 1629 874 1681 Corzfiilatuum
892 1642 1040 1668 numero
1062 1627 1279 1674 consensus,
1292 1639 1330 1667 vt
1348 1629 1466 1680 plane
1485 1626 1690 1668 incredibi-

308 1686 349 1724 le
367 1682 419 1729 fit,
435 1683 529 1736 Coff
540 1685 633 1723 anni
653 1685 890 1739 248.dedita
911 1698 1030 1736 opera
1050 1685 1151 1724 Liuii
1174 1682 1326 1724 omissos
1348 1682 1437 1724 esse.
1470 1685 1570 1724 Inde
1590 1683 1690 1721 colli-

310 1741 368 1793 git
394 1739 605 1793 Dioiiyfi'us,
627 1742 770 1794 Oiymp.
801 1743 948 1782 LXXII.
969 1754 1005 1782 2.
1032 1739 1171 1780 missos.
1198 1744 1382 1780 Exeunte
1403 1738 1544 1784 scilicet
1568 1740 1690 1789 Obm-

303 1798 431 1851 piadis
458 1810 573 1844 amm,
608 1811 678 1850 pro
708 1796 782 1838 suis
809 1797 1023 1836 rationibus
1053 1798 1283 1838 Catonianis.
1340 1799 1413 1836 Pro
1445 1798 1691 1837 Varronianis

308 1865 440 1893 autem
464 1854 606 1906 Olymp.
635 1856 766 1894 LXXI.
784 1866 822 1905 4.
880 1853 1139 1906 Legationem
1169 1852 1352 1892 obierint.
1410 1856 1516 1892 Tum
1550 1852 1690 1901 Tyran-

307 1923 444 1950 ncrum
463 1911 501 1948 in
513 1909 641 1949 Sicilia
657 1909 945 1949 florentiffimus
961 1907 1075 1949 fuisse
1100 1910 1255 1949 videtur
1268 1910 1524 1963 Hippocrates,
1541 1907 1690 1948 Gelonis

307 1966 352 2006 in
378 1965 470 2006 Gela
491 1964 676 2006 decessor.
733 1969 835 2006 Eum
863 1978 960 2018 ergo
990 1963 1103 2005 suifl‘e
1130 1963 1305 2018 suspicor,
1338 1965 1405 2016 qui
1427 1966 1606 2006 Romanis
1637 1963 1688 2002 de

310 2034 355 2061 re
374 2025 579 2064 annonaria
599 2022 827 2072 prouiderit.
887 2023 1073 2072 Sequitur
1092 2020 1322 2068 Plutarchus,
1354 2032 1392 2060 vt
1411 2022 1571 2067 videtur,
1591 2019 1693 2059 Dio·

309 2082 461 2128 nyssam,
488 2078 556 2129 qui
585 2078 757 2118 Gelonem
774 2075 889 2118 fuisse
907 2080 1110 2117 coniec‘ittra
1131 2076 1195 2117 sua
1215 2078 1384 2130 collegit.
1416 2079 1547 2118 Priori
1573 2075 1687 2114 huius

308 2135 404 2174 anni
420 2136 560 2176 Iuliani
590 2147 699 2187 parte
714 2132 841 2174 miffos
867 2135 909 2173 in
931 2134 1094 2173 Siciliam
1119 2135 1268 2186 legatos
1300 2131 1455 2172 necesse
1482 2132 1545 2179 est,
1578 2131 1685 2181 quod

310 2191 452 2244 Olymp.
474 2192 626 2230 LXXII.
650 2205 687 2233 2.
707 2189 833 2230 miffos
865 2190 1075 2230 crediderit
1104 2189 1318 2241 Dionyszus.
1376 2189 1528 2228 Exinde
1557 2188 1683 2233 etiam,

308 2248 428 2297 quod⁷
449 2246 643 2286 διελθόντων
658 2251 740 2286 ἐτῶν
761 2247 982 2286 {flumana
1004 2262 1023 2285 a
1044 2248 1137 2301 Regi
1159 2249 1255 2300 ugia,
1286 2241 1412 2282 miffos
1433 2243 1536 2294 apud
1563 2257 1685 2284 omnes

294 2302 383 2354 fire
401 2304 441 2340 in
463 2301 635 2342 confessu
660 2301 774 2342 fuisse
795 2302 966 2340 testetur.
1026 2304 1108 2341 Hae
1125 2303 1230 2339 enim
1249 2301 1374 2340 forma
1394 2313 1543 2339 annum
1563 2301 1682 2339 XVII.

308 2371 425 2411 nuper
445 2357 617 2410 elapsum
644 2359 774 2398 innuit
791 2358 898 2397 idem
916 2356 1132 2407 Dionyfi'us.
1190 2357 1432 2411 Regifugium
1452 2355 1565 2394 huius
1588 2355 1685 2394 anni

309 2418 399 2456 VII.
422 2415 509 2454 Kal.
538 2415 709 2454 Ianuarii
743 2413 828 2465 (qui
859 2425 942 2451 tum
972 2414 1131 2452 tenebat
1159 2412 1286 2451 locum
1312 2413 1472 2466 Martii)
1506 2412 1549 2449 in
1578 2411 1684 2450 diem

309 2470 453 2511 Martii
471 2469 608 2509 Iuliani
628 2473 727 2511 XIV.
756 2469 968 2509 incidebat.
1025 2472 1163 2520 Itaque
1189 2467 1271 2519 post
1304 2469 1412 2506 illum
1438 2468 1543 2507 diem
1570 2467 1612 2505 in
1631 2467 1686 2506 Si·

309 2527 431 2567 ciliam
462 2525 695 2579 nauigarint,
729 2524 955 2576 Olympiadis
975 2538 1079 2563 anno
1112 2524 1299 2574 defineme.
1356 2526 1407 2563 Et
1424 2523 1545 2573 hyems
1570 2522 1684 2569 adeo,

311 2596 428 2635 quam
447 2584 489 2622 in
509 2583 634 2623 Sicilia
661 2590 894 2635 exegerunt,
922 2580 968 2620 ad
998 2580 1090 2619 anni
1109 2582 1250 2621 exitum
1278 2578 1483 2632 spefibibat,
1518 2592 1597 2630 quo
1620 2579 1686 2629 afii

304 2648 431 2689 erant,
460 2652 576 2692 quam
596 2638 664 2691 qui
689 2638 847 2679 fuerant
873 2636 996 2685 initio,
1021 2635 1198 2689 Corffules.
1258 2636 1440 2680 Reditum
1473 2647 1568 2687 ergo
1598 2646 1684 2672 cum

935 2702 940 2706 ’
1525 2703 1680 2732 annona
