1796 3120
334 116 444 168 2458
754 111 1289 154 APPARATVS

185 220 222 257 5.
241 228 297 262 27.
434 205 568 267 de
599 224 707 255 certe
733 227 852 254 artem
879 214 983 253 illam
1005 214 1180 253 calluerit
1198 215 1444 268 Hipparchus,
1466 215 1581 256 verba
1593 214 1711 257 Plinii
1735 215 1737 217 ’

163 265 525 342 &ZZH-praedffia
547 272 691 310 docent
707 269 1024 315 manifestiss'une,
1055 271 1161 320 quod
1178 270 1278 311 Solis
1299 274 1497 326 Lunaeque
1518 272 1644 322 curfias
1663 276 1705 313 in

187 359 251 387 tica
262 328 517 386 ve-fixcentos
544 341 662 367 annos
684 328 948 379 praecinuerit.
1005 327 1056 365 Et
1075 326 1237 376 quidem
1265 327 1294 365 is
1314 328 1395 379 ipse
1413 342 1581 368 numerus
1603 340 1705 370 aeta.

161 365 276 431 {erum
332 396 413 423 tem
440 382 649 436 Hipparchi
674 382 894 434 designauit
919 382 962 420 in
994 379 1151 432 Epocha
1180 381 1478 435 Nabonaffarea'‚
1506 386 1612 423 cuius
1638 399 1704 424 an·

164 446 307 486 Hippar-
330 453 426 479 num
448 445 531 483 620
548 438 659 476 illum
679 435 844 491 attigiffe
859 437 1031 477 vidimus.
1078 437 1177 476 Inde
1197 438 1421 491 colligimus,
1434 437 1704 491 'sexcentorum

163 492 219 542 5¹⁷0
251 500 526 536 ¹¹¹³·annorum
546 496 797 547 experimenta
817 494 868 532 de
887 492 1077 546 utriusque
1093 491 1227 541 fideris
1246 495 1414 534 motibus
1433 496 1486 534 illi
1505 495 1617 536 fuiffe
1639 510 1702 535 ex-

164 545 289 612 }Pg'ss't'g‘·
330 552 489 603 plorata.
546 550 749 590 Conuenit
774 559 877 590 aetas
903 548 1111 602 Hipparchi
1142 565 1162 589 a
1184 550 1307 589 Plinio
1335 550 1540 603 designata.
1595 553 1706 594 Intra

168 624 296 661 eadem,
331 607 504 646 ducentos
527 605 681 656 (inquit
699 606 763 661 69)
796 619 913 646 annos
945 605 1147 658 Hipparchi
1168 606 1378 661 sagacitate
1403 620 1621 660 compertum
1645 609 1706 661 est,

164 680 252 711 quae
332 676 368 702 et
391 663 512 702 Lunae
532 663 688 714 defiz‘lus
705 661 906 715 aliquando
925 666 1054 715 quinto
1074 661 1189 712 menfi’
1215 678 1236 702 a
1251 667 1389 715 priore.
1389 663 1488 714 fieri,
1508 664 1598 704 Solis
1615 679 1701 705 vero

166 715 296 767 Sulpicii
319 719 491 770 fiptimo.
546 717 699 770 Scripfit
719 719 867 757 Plinius
885 731 988 757 anno
1010 719 1246 758 Varroniano
1266 724 1356 771 830.
1376 730 1416 756 et
1434 719 1474 757 in
1494 724 1584 772 625.
1610 723 1703 761 Var-

166 759 269 790 Gala.
327 777 487 814 roniano
521 774 651 826 coepit
678 787 801 813 annus
821 773 1073 826 Nahonaffizri
1093 778 1183 816 620.
1214 773 1324 813 defiit
1341 786 1473 815 autem
1489 789 1592 815 anno
1613 770 1704 817 Var.

167 840 211 878 69
232 834 485 870 eamrom'ano
509 833 600 873 626.
619 830 830 870 admodum
851 829 989 882 officia.
1046 831 1177 869 Potuit
1202 841 1404 881 praeterea
1425 831 1507 882 post
1528 831 1705 883 Ohftrua.

165 883 464 927 KRH-tionem
487 887 592 925 illam
620 902 640 925 a
662 886 871 926 Ptolemaeo
895 896 1149 926 memoratam
1174 887 1304 937 paucis
1333 886 1460 926 adhuc
1485 889 1594 928 annis
1613 891 1703 942 Hip-

166 936 226 974 13.
320 944 482 996 parchus
511 940 753 994 superfuisse,
783 952 822 980 vt
849 954 1059 981 numerum
1085 942 1295 982 Plinianum
1323 943 1477 993 penitus
1506 944 1700 996 impleret.

328 1003 438 1039 Haec
472 1009 604 1039 autern
630 998 864 1051 Hipparchus
889 1011 912 1036 e
931 996 1006 1037 suis
1032 998 1164 1037 didicit
1197 999 1247 1037 de
1262 998 1382 1049 fitc‘iis
1409 998 1701 1040 obseruationi-

327 1057 420 1102 bus,
452 1067 554 1106 quae
580 1053 712 1105 postea
738 1054 878 1105 probat
903 1055 1149 1101 Ptolemaeus,
1183 1066 1285 1104 quae
1310 1068 1429 1093 nouae
1453 1055 1588 1094 haberi
1618 1070 1699 1095 non

327 1121 528 1164 poterant,
560 1108 586 1147 fi
607 1120 689 1149 tum
710 1121 870 1160 quoque
897 1109 991 1150 Solis
1013 1111 1206 1163 Lunaeque
1232 1110 1444 1163 hypotheses
1472 1112 1700 1162 exploratae

328 1165 499 1208 fuissent.
560 1168 644 1204 Imo
666 1179 690 1204 e
706 1167 824 1218 fabiis
854 1176 959 1204 certo
990 1167 1175 1217 temporis
1198 1166 1357 1204 circuitu
1386 1166 1618 1206 redeuntibus
1636 1182 1701 1207 na·

329 1234 390 1263 tae
417 1222 666 1275 Hypothefis,
700 1220 859 1269 causam,
889 1235 958 1260 cur
983 1222 1178 1268 redirent,
1206 1234 1229 1260 e
1253 1232 1431 1261 motuum
1457 1223 1700 1272 oniformium

320 1279 536 1319 rationibus
564 1278 814 1329 explicantes.
869 1277 947 1318 Sed
967 1289 1057 1316 vero
1066 1278 1187 1330 fabiis
1205 1277 1487 1317 instrucliorem
1509 1279 1701 1330 antiquio-

322 1336 428 1375 ribus
464 1334 719 1388 Hipparchum
750 1332 896 1373 fatetur
929 1334 1174 1380 Ptolemaeus,
1213 1346 1288 1372 nec
1316 1334 1388 1373 illis
1416 1335 1698 1383 tantummodo,

323 1404 427 1442 quae
447 1389 528 1443 ipse
548 1389 846 1436 obseruauerat,
874 1402 1011 1429 verum
1032 1390 1148 1429 etiam
1162 1389 1486 1440 Obstruationihus
1505 1404 1526 1429 e
1539 1390 1700 1441 Babylo.

162 1474 211 1507 70
226 1464 310 1495 Ptol.
323 1451 386 1487 nia
405 1459 534 1498 nuper
551 1446 672 1485 allatis
690 1445 967 1485 Chaldaeorum.
1023 1445 1085 1486 Sic
1102 1446 1209 1484 enim
1229 1446 1281 1485 ait
1296 1460 1303 1483 :
1328 1450 1360 1474 ⁷0
1373 1445 1454 1487 ’Ἤδη
1471 1455 1579 1492 μέντοι
1597 1453 1696 1486 πάλιν

161 1505 341 1544 L.lV.c.o‘
360 1503 547 1550 Ἵππαρχος
569 1500 705 1548 ἤλεγξεν
729 1500 798 1539 ἀπό
815 1518 854 1539 τε
879 1504 943 1540 τῶν
965 1505 1166 1549 Χαλδαϊκῶν,
1190 1501 1245 1545 καὶ
1262 1505 1329 1540 τῶν
1358 1503 1438 1541 καθ’
1461 1503 1580 1542 {autin
1598 1501 1698 1550 τηρή-

163 1564 196 1589 2·
208 1567 243 1599 P·
255 1559 310 1598 83·
322 1576 410 1599 σεων.
469 1559 532 1599 Sic
551 1556 734 1608 loquitur,
757 1556 862 1607 quafi
879 1556 1138 1609 vetustioribus
1155 1559 1300 1609 pariter
1327 1558 1592 1610 incompertae
1608 1557 1698 1598 fuis-

320 1615 406 1657 sent
419 1615 681 1656 Chaldaeorum
694 1612 1008 1660 obseruationes,
1020 1626 1139 1663 quam
1158 1623 1197 1652 et
1214 1614 1312 1653 aliae
1330 1615 1420 1652 illae
1437 1627 1565 1653 nouae
1581 1612 1696 1665 ipfius

318 1671 535 1725 Hipparchi.
590 1670 667 1710 Vel
686 1669 779 1708 inde
799 1669 1062 1721 intelligimus,
1089 1682 1205 1720 quam
1230 1669 1456 1722 imperfec‘las
1480 1669 1560 1710 illas
1580 1667 1696 1709 fuiffe

320 1738 478 1781 oportet
495 1725 735 1779 Hypothefi’s,
755 1737 856 1775 quae
887 1735 964 1764 tam
992 1727 1124 1764 ieiuna
1154 1725 1270 1765 nixae
1295 1725 1443 1765 fuerint
1466 1725 1698 1776 Obseruatio-

319 1798 407 1825 num
424 1782 671 1835 supelleclile,
702 1791 743 1820 et
760 1794 878 1832 quam
894 1781 1059 1832 impares
1080 1779 1276 1834 Eclisfihus
1294 1793 1472 1821 accurate
1485 1783 1696 1834 praedicen-

321 1842 391 1882 dis.
447 1839 527 1880 Sed
545 1851 629 1878 rem
650 1846 770 1877 totam
795 1837 925 1876 docuit
946 1838 1191 1885 Ptolemaeus,
1222 1848 1299 1877 tam
1318 1850 1420 1888 quae
1438 1837 1574 1887 ,fuerit
1592 1839 1695 1877 Vete-

321 1911 405 1938 rum
431 1895 603 1935 doctrina
633 1894 681 1934 de
699 1891 898 1946 Eclipst'hus
926 1904 1020 1933 ante
1046 1893 1316 1947 Hipparchum,
1345 1888 1461 1943 quam
1485 1892 1694 1944 quousque

319 1954 472 1992 illorum
497 1964 645 1990 errores
663 1953 779 1997 nouis,
811 1962 903 2000 quas
923 1949 1013 1996 dixi,
1029 1948 1357 2003 Ohftruationibus
1374 1947 1456 2000 ipse
1475 1949 1693 1989 emendarit

318 2007 565 2061 Hipparchus.
622 2009 779 2046 Παλαιῶν
804 2006 967 2044 nomine
993 2006 1190 2058 intelligit,
1218 2019 1314 2056 quos
1341 2006 1510 2055 appellat
1539 2004 1690 2044 Mathe-

317 2069 468 2105 maticos
487 2063 712 2114 Hipparcho
732 2064 970 2114 antiquiores.
1026 2061 1114 2101 lllos
1132 2059 1299 2108 fortasse,
1321 2062 1387 2110 qui
1408 2073 1430 2098 e
1447 2061 1596 2110 Scripto
1608 2059 1691 2098 Sul.

309 2124 405 2175 picii
433 2121 534 2160 Galli
560 2119 739 2169 peritiam
768 2116 874 2157 suam
900 2115 1121 2157 hauserant.
1180 2117 1380 2156 Periodum
1405 2116 1459 2153 illi
1478 2116 1691 2166 Eclipticam

318 2175 604 2228 excogitabant,
636 2187 738 2225 quae
751 2174 903 2226 paribus
921 2173 1090 2211 inuicem
1110 2171 1300 2211 constaret
1327 2172 1451 2211 Lunae
1471 2171 1690 2220 circuitibus

315 2244 436 2284 atque
453 2229 668 2278 Anomaliis,
688 2243 763 2280 qua
782 2229 932 2269 fuerint
957 2228 1122 2278 proinde
1140 2239 1276 2265 omnes
1293 2225 1483 2279 Eclipfi'um
1508 2225 1691 2279 dluerfita-

314 2282 369 2330 tes
394 2290 435 2327 in
464 2285 585 2326 orbem
613 2286 822 2324 rediturae.
887 2287 998 2322 Hanc
1032 2282 1154 2323 diehus
1189 2281 1363 2322 constare
1402 2283 1690 2322 arbitrabantur

314 2349 436 2399 6585,
466 2352 506 2380 et
521 2343 635 2381 tertia
654 2352 861 2392 praeterea
884 2338 961 2378 diei
977 2349 1096 2390 parte,
1119 2336 1294 2389 menfi‘bus
1311 2349 1440 2377 autem
1463 2350 1552 2390 223.
1600 2342 1690 2379 Huc
1711 2338 1713 2340 ’

149 2409 191 2440 71
216 2399 487 2453 pamspestant
515 2398 632 2436 verba
659 2397 723 2435 illa
752 2395 886 2434 Plinii:
928 2397 953 2422 7¹
974 2395 1149 2446 Deftc'lus
1186 2395 1351 2433 ducentis
1381 2397 1522 2449 viginti
1545 2396 1688 2434 duobus

148 2446 491 2508 N·H·¹¹·menfibus
519 2454 640 2492 redire
658 2455 696 2491 in
710 2451 804 2501 suos
825 2451 930 2490 orbes
956 2463 1091 2489 certum
1114 2449 1170 2501 est.
1229 2450 1309 2490 Sed
1330 2463 1352 2488 e
1370 2450 1577 2489 Ptolemaeo
1598 2464 1688 2489 con-

149 2500 206 2536 ³3⁸
310 2512 390 2559 stat,
410 2508 547 2549 rectius
568 2508 714 2547 habere
735 2508 818 2546 illos
837 2507 956 2546 Plinii
975 2507 1150 2551 Codices,
1179 2507 1246 2556 qui
1276 2507 1522 2557 reponebant
1549 2508 1690 2561 viginti

310 2567 450 2616 tribus,
481 2575 519 2603 vt
543 2567 692 2605 tertiam
712 2563 788 2602 diei
816 2566 963 2615 'purtem
989 2559 1233 2614 neglexisset.
1291 2562 1441 2600 Mirum
1465 2572 1597 2600 autem
1618 2561 1685 2609 est,

309 2623 410 2664 hanc
428 2618 665 2675 hypothefin
686 2635 708 2659 a
727 2619 852 2661 Plinio
872 2627 1080 2669 tantopere
1099 2617 1260 2665 laudari,
1282 2627 1400 2669 quam
1420 2618 1572 2714 tam‘dssil
1592 2627 1685 2656 ante
1711 2618 1715 2621 ⁴

1570 2685 1688 2712 tntum
