1796 3120
316 109 402 150 AD
445 107 978 152 CHRONOLOGIAM
1013 112 1270 153 DIONYS.
1382 125 1491 168 2433

118 210 265 261 macho,
296 209 363 251 sed
383 211 424 250 in
444 226 490 252 ea
511 211 612 264 ipsos
632 212 953 266 fuiffesbntentia,
978 213 1082 266 quasi
1101 214 1318 266 innotutffet.
1378 216 1487 265 Quid

116 266 182 306 fibi
204 279 336 307 autem
364 269 445 306 vult
469 282 541 307 vox
560 270 624 309 illa
646 272 784 311 εἷδέναιῖ)
833 273 936 314 Num
954 271 1001 311 ab
1020 269 1102 323 ipso
1121 271 1341 310 Antimacho
1367 272 1486 310 oculis

114 321 330 375 vsurpatam
349 322 480 371 fuisse,
510 337 611 375 quae
634 325 700 365 sub
725 327 879 367 Romulo
896 326 1011 368 fuifl'e
1028 328 1162 374 fertur,
1182 325 1370 380 Eclipfin?
1405 326 1485 367 Sed

103 379 231 431 firior
254 390 336 419 erat
359 391 465 419 certe
483 381 722 421 Antimachus
734 391 859 434 poeta,
889 395 1004 433 quam
1023 395 1059 421 vt
1077 381 1223 435 Eclipfis
1242 383 1339 423 Vrbi
1360 383 1483 422 condi-

112 449 172 476 tae
202 448 371 475 coaeuae
400 436 500 475 testis
527 438 694 477 idoneus
725 436 805 477 effe
833 439 1016 489 potuerit.
1082 439 1294 490 Antiquior
1322 439 1484 489 quidem

110 492 273 538 Platone,
305 490 516 541 (comicum
534 493 713 545 intelligo
734 494 951 549 Platonem)
982 494 1112 533 iunior
1131 505 1261 534 tamen
1284 492 1484 546 Pannafide

110 558 151 587 et
161 547 406 600 Snstmbmzm
433 550 580 601 quippe
601 551 667 601 qui
698 549 818 588 fuerit
835 562 972 589 eorum
991 550 1196 603 discipulus,
1225 560 1261 589 vt
1278 564 1348 589 nos
1368 551 1485 589 docet

108 604 254 644 Suidas.
311 605 349 645 Si
375 604 526 656 Thasius
545 605 612 643 ille
632 605 752 645 fuerit
770 604 1031 656 Stefimbrotus,
1054 609 1121 657 qui
1141 608 1292 646 Cimoni
1311 618 1481 646 coaeuus

109 672 203 707 erat,
221 661 294 698 'vel
319 660 413 699 inde
438 659 624 707 discimus,
654 674 770 711 quam
798 663 955 701 Romulo
992 676 1061 713 par
1089 660 1167 701 esse
1194 675 1277 700 non
1309 661 1483 714 potuerit

107 715 345 768 Stesz‘mhroto
372 717 502 754 iunior
529 716 775 757 Antimachus.
830 718 976 768 Estque
1004 716 1093 756 sane
1119 732 1219 757 aetas
1244 718 1308 757 illa
1326 718 1481 764 idonea,

109 784 147 812 vt
166 786 250 811 cum
271 781 377 825 po'e'ta
397 772 555 812 Platone
583 773 838 812 conferretur.
896 773 958 813 Sic
986 784 1115 811 tamen
1145 772 1360 812 vice‘versa
1386 775 1484 812 anti-

108 831 221 883 quior
247 825 378 867 fuiffet
401 828 659 876 Antimachus,
691 841 806 879 quarn
833 840 872 868 vt
897 828 1045 881 Eclipfis
1070 840 1246 868 naturam
1276 845 1296 869 a
1323 828 1482 869 tenebris

108 885 179 926 alia
197 884 323 935 aliqua
355 883 406 922 de
425 882 534 923 causa
553 885 726 924 oriundis
755 896 932 924 accurate
953 883 1248 923 internosceret.
1304 884 1482 935 Stefi'cho·
1596 930 1604 936 ι

105 954 188 981 rum
217 945 323 982 Certe
346 949 385 977 et
410 938 788 980 Pindarum‘latuiss'e
815 941 1041 980 obseruauit
1080 942 1103 966 3¹
1125 940 1285 980 Plinius.
1344 934 1527 1004 Multogff
1542 927 1638 1006 ξὴῦ

103 996 224 1048 magis
253 1006 293 1034 et
319 995 590 1042 Antimachum,
619 995 645 1034 fi
669 1010 737 1048 par
764 997 922 1036 Romulo
942 994 1055 1036 fuisse
1083 996 1377 1036 concederetur.
1434 996 1542 1050 Sim'.
1576 995 1585 1003 ‘
1627 994 1638 1004 ‘

106 1052 200 1104 quid
219 1064 315 1104 ergo
335 1051 385 1090 de
406 1049 545 1104 Eclipss
554 1052 617 1090 illa
635 1051 833 1092 resciuerit
855 1051 1109 1098 Antimachus,
1133 1053 1173 1091 id
1193 1065 1216 1090 e
1234 1053 1477 1092 monumentis

103 1110 212 1148 illum
229 1104 390 1147 haufiffe
409 1108 613 1159 oportebat
629 1108 787 1148 Romulo
808 1110 970 1149 coaeuis.
1027 1108 1282 1147 Profer-antur
1302 1120 1398 1161 ergo
1424 1122 1479 1147 ta-

102 1164 216 1205 bulae.
272 1162 350 1204 Sed
368 1164 492 1202 nullas
511 1166 722 1215 reperient,
750 1177 852 1214 quae
872 1165 933 1204 vel
950 1165 1025 1204 iam
1037 1163 1127 1218 fint,
1159 1166 1219 1202 vel
1237 1176 1339 1215 quae
1359 1165 1477 1203 etiam

105 1220 197 1261 olim
205 1218 371 1271 siurim,
406 1232 428 1258 e
449 1219 589 1270 quibus
609 1218 706 1259 haec
727 1219 875 1259 discere
898 1222 1071 1273 potuerit
1091 1220 1341 1260 Antimachus.
1382 1220 1476 1258 Nul-

103 1277 158 1317 las
186 1274 341 1328 prorsus
372 1275 466 1315 Vrbi
484 1277 652 1316 conditae
671 1289 832 1316 coaeuas
851 1277 1149 1329 Astronomorum
1171 1275 1477 1316 Observationes

101 1343 195 1373 ante
221 1333 376 1370 initium
403 1331 667 1385 Nabonaffitri.
724 1332 856 1372 Nullas
877 1344 992 1380 certe,
1013 1346 1176 1384 quarum
1195 1332 1328 1383 menfis
1353 1332 1478 1382 digs'ue

103 1388 200 1429 certi
222 1386 413 1440 designari
440 1386 603 1440 possent,
632 1401 718 1427 cum
740 1401 792 1427 ne
813 1389 974 1439 quidem
999 1393 1087 1429 anni
1111 1389 1276 1429 formam
1303 1388 1476 1439 explora-

102 1456 181 1484 tam
208 1443 404 1484 haberent
421 1443 572 1495 posteri,
602 1445 678 1495 qui,
699 1444 853 1484 Romulo
875 1456 1080 1498 regnante,
1101 1444 1326 1490 obtinuerit,
1335 1443 1479 1494 solaris

102 1501 321 1547 fuerit,‘an
348 1499 516 1543 lunaris;
551 1499 743 1540 mensium
768 1502 954 1548 denorum,
986 1515 1032 1541 an
1069 1501 1340 1540 duodenorum:
1387 1511 1475 1537 cum

102 1570 156 1597 ne
181 1556 341 1607 quidem
371 1557 641 1612 Parapegmata
662 1557 719 1597 his
747 1558 986 1609 temporibus
1016 1557 1086 1596 vlla
1104 1555 1238 1604 efi'ent‚
1267 1557 1371 1595 vnde
1391 1568 1477 1606 pro-

104 1613 294 1653 cederent
319 1610 600 1666 fitpputationes
636 1614 676 1651 in
717 1613 914 1665 posterum
945 1613 1161 1660 ducendae,
1190 1623 1228 1651 vt
1262 1625 1331 1650 nos
1360 1611 1476 1653 docet

101 1672 132 1698 ³²
145 1668 348 1709 Diodorus.
405 1672 458 1709 Ea
479 1669 583 1708 nulla
604 1680 685 1707 tum
710 1667 822 1709 iuiffe
842 1669 1018 1721 probant,
1038 1682 1140 1719 quae
1160 1668 1278 1707 modo
1296 1668 1474 1706 diximus.

103 1725 188 1764 Nec
206 1725 323 1770 enim,
341 1722 368 1761 fi
388 1722 556 1771 fuissent,
578 1722 733 1764 necesse
753 1739 831 1763 non
853 1723 958 1772 esset,
988 1735 1025 1763 vt
1055 1738 1127 1776 per
1148 1726 1313 1777 Cyclum
1335 1724 1474 1763 Varro-

100 1783 159 1821 nis
185 1790 365 1831 tempore
394 1791 595 1833 receptum
623 1781 674 1819 de
714 1779 892 1821 Palilibus
926 1782 1074 1822 Romuli
1098 1782 1323 1826 iudicarent,
1354 1791 1475 1830 quem

106 1847 235 1876 tamen
266 1835 414 1884 cyclum
443 1836 566 1875 multo
595 1839 831 1876 recentiorem
868 1836 1024 1877 Romulo
1061 1836 1129 1888 ipsi
1155 1837 1272 1875 etiam
1301 1846 1473 1887 agnoue-

103 1902 206 1931 runt.
264 1892 356 1930 Non
386 1889 480 1930 effet
508 1889 673 1938 necesse,
709 1903 746 1930 vt
775 1894 938 1944 Cyclo-m
968 1892 1206 1932 adhiberent
1232 1892 1474 1938 Metonicum,

99 1958 167 1989 aut
184 1946 348 1987 fonnam
367 1947 458 1988 anni
486 1946 758 1997 mensiumque
780 1948 1091 2001 Nabonaffizream
1115 1946 1278 1986 consulti
1298 1962 1317 1986 a
1343 1947 1476 1985 Varro-

96 2019 140 2044 ne
170 2003 375 2055 astronomi.
429 2007 512 2044 lmo
552 2003 708 2043 Romulo
747 2005 1005 2044 recentiorem
1032 2001 1220 2056 Eclipfium
1248 2003 1472 2048 doeh-inam,

101 2060 206 2112 apud
226 2057 326 2110 ipsos
346 2059 462 2098 etiam
482 2058 596 2099 fuifl'e
616 2060 769 2098 Graecos
797 2059 921 2099 nostra
939 2061 1075 2112 probat
1092 2060 1345 2110 astronomiae
1363 2057 1475 2096 histo·

105 2116 169 2163 ria,
195 2131 215 2155 a
232 2116 373 2165 quibus
402 2125 531 2155 tamen
550 2116 673 2154 multo
694 2115 821 2154 adhuc
848 2114 965 2156 serius
986 2117 1182 2155 emanauit
1201 2116 1248 2155 ad
1270 2116 1471 2155 Romanos.

102 2173 186 2211 Nec
211 2170 302 2210 sane
333 2172 522 2210 conuenit
547 2171 724 2213 Palilibus
761 2186 780 2210 a
802 2172 911 2211 nobis
949 2173 1141 2224 affignatis
1178 2171 1299 2225 April.
1320 2182 1469 2210 xxvlu.

100 2225 250 2280 Eclipsz's
273 2227 347 2273 illa,
376 2229 483 2267 cuius
513 2227 740 2267 meminerit
764 2227 952 2267 Mullorus
981 2229 1086 2268 Maii
1103 2241 1213 2269 xxvs.
1272 2229 1355 2266 Nec
1387 2238 1473 2277 pro-

99 2283 194 2324 inde
213 2281 344 2322 soliciti
364 2281 443 2322 csse
457 2284 656 2330 debemus,
670 2297 756 2321 cum
776 2283 873 2323 nihil
889 2294 1062 2324 occurrat
1078 2284 1119 2322 in
1130 2283 1298 2337 Historia
1311 2292 1472 2328 certum,

101 2351 180 2389 quo
199 2338 362 2394 'Syzygia
382 2341 445 2379 illa
464 2339 652 2390 probetur
663 2338 854 2391 Ecliptica.
914 2341 1124 2380 Ratiocinio
1145 2340 1218 2379 hoc
1236 2338 1472 2379 fallaciffimo

103 2394 321 2433 debebatur
342 2395 391 2433 de
412 2394 555 2448 Eclipsi,
585 2396 690 2434 cuius
710 2396 936 2434 meminerit
956 2396 1209 2442 Antimachus,
1222 2408 1302 2433 non
1321 2393 1471 2432 calculis

101 2448 352 2500 astronomicis
381 2453 574 2491 accuratis.
630 2453 692 2490 Ne
719 2452 881 2502 quidem
908 2451 1062 2499 constat,
1095 2450 1244 2490 vllusne
1262 2450 1382 2490 fuerit
1404 2448 1470 2487 cal-

104 2505 265 2544 culorum
285 2503 376 2552 vsus,
397 2508 456 2545 vel
475 2508 602 2546 minus
621 2518 796 2547 accurate
815 2506 1037 2559 posttorum.
1094 2510 1192 2552 Nam
1207 2507 1473 2546 Grammaticos

89 2559 163 2599 ‘illa
185 2559 333 2611 sapiunt
354 2563 484 2614 magis,
503 2575 617 2614 quarn
630 2561 877 2613 Astronomos.
934 2564 1013 2605 Sed
1039 2563 1152 2603 facile
1173 2561 1383 2601 condonari
1404 2573 1471 2611 po-

101 2617 174 2656 tuit
193 2616 254 2655 hic
273 2628 380 2655 error
397 2617 612 2658 iunioribus
636 2617 898 2659 Grammaticis
924 2635 944 2660 a
960 2621 1158 2674 longinquo
1184 2617 1394 2657 admodum
1414 2617 1470 2653 in-

778 2678 806 2714 F
822 2675 855 2722 f,
870 2687 892 2727 3
1304 2672 1468 2711 tet-uallo

1368 2806 1383 2822 l
