1796 3120
327 118 438 162 2454
766 107 1292 148 APPARATvs

327 222 459 253 tamen
477 209 693 250 omiserunt
711 209 940 260 Pafihalium
963 210 1173 261 Cyclorum
1191 211 1410 250 conditores
1437 208 1529 250 anni
1549 207 1701 262 mensis-

322 280 404 319 que
423 268 581 313 modum,
599 279 717 316 quem
736 279 806 316 pro
820 276 1063 304 caeterorum
1085 279 1210 305 norma
1230 266 1375 313 habuit,
1391 267 1450 305 vel
1464 267 1698 312 Ptolemaeus,

327 324 391 362 vel
417 323 672 376 Hipparchus,
705 333 783 371 quo
807 321 988 373 ignorato
1020 321 1181 374 reliquos
1213 322 1330 361 eriam
1358 335 1493 360 omnes
1523 320 1696 373 ignorari

325 377 482 419 necesse
508 377 573 417 est.
634 377 738 416 Fecit
767 377 914 415 omiffio
941 377 1014 422 illa,
1042 387 1078 415 vt
1107 376 1276 428 menfiitm
1303 378 1391 416 illae
1419 377 1561 417 tabulae
1586 377 1698 416 nobis

325 433 481 487 prorsus
509 433 668 472 inuriles
696 432 768 470 lint
794 432 842 471 ad
861 433 1024 474 calculos
1048 432 1317 485 astronomicos;
1374 434 1450 472 Sed
1467 432 1609 484 Afianis
1627 431 1700 472 suis

326 489 499 530 scribens
529 489 768 541 Hipparchus
798 486 908 529 suum
934 490 1110 529 Ciuitatis
1136 487 1323 540 cuiusque
1355 487 1611 529 Kalendarium
1632 501 1700 526 no-

325 545 509 584 tiffimum
534 545 639 584 forte
671 544 927 596 supponebat,
958 558 1034 584 nec
1059 545 1226 597 proinde
1246 542 1500 584 necess'arium
1522 544 1599 584 efl'e
1621 557 1698 582 cre-

326 601 456 647 debat,
488 612 526 639 vt
553 615 666 640 vnum
699 601 858 650 aliquod
889 601 1045 651 reliquis
1072 601 1114 639 in
1141 614 1256 640 exem
1287 601 1369 638 lum
1398 610 1696 652 proponeretur,

326 669 416 695 cum
433 669 482 695 ex
502 670 577 696 vno
597 658 735 708 quouis
754 655 991 710 cuiuftunque
1011 658 1186 698 Ciuitatis
1205 615 1455 702 Kallendario,
1485 657 1589 695 edito
1609 669 1700 695 men·

314 711 371 764 fis
399 713 579 760 nomine,
612 712 786 753 constare
812 710 954 763 pofl'et,
985 725 1126 763 quotus
1157 714 1223 752 ille
1252 714 1327 752 dies
1354 722 1627 751 numeraretur
1659 711 1702 751 in

167 765 567 820 60M³gn·reliqua1·um
594 770 760 810 Vrbium
769 767 1017 810 Kalendariis.
1072 769 1267 821 Supponit
1286 779 1390 807 certe
1407 767 1443 790 ⁶⁰
1462 768 1701 813 Ptolemaeus,

167 811 296 844 Constr.

167 858 206 891 1..
220 858 293 895 vu,

330 826 445 865 etiam
469 823 595 876 mensis
615 825 773 874 Bithyni
803 827 965 864 nomine
987 824 1189 877 delignato
1220 825 1260 863 in
1276 827 1463 879 Agrippae
1480 823 1702 863 Astronomi

328 880 619 921 Obseruatione
644 881 740 922 facia
759 883 800 921 in
819 881 1008 932 Bithynia,
1040 880 1115 920 hoc
1134 893 1252 920 vnum
1280 877 1480 926 sust'eciss'e‚
1504 890 1542 918 vt
1560 890 1700 931 tempus·

324 935 475 990 Eclipfi's
504 938 584 977 aliis
620 950 782 988 quoque
808 936 1072 976 innotesceret
1101 937 1143 975 in
1172 947 1255 976 arte
1285 936 1441 988 collegis
1460 935 1714 987 Astronomis„

324 994 446 1034 Vnde
474 993 548 1032 hoc
569 993 637 1032 nili
657 1005 818 1045 propter
837 992 978 1033 tabulas
1003 993 1083 1032 illas
1112 991 1279 1043 menfi‘um
1307 993 1354 1030 ab
1372 991 1584 1044 Hipparcho
1603 991 1701 1037 inui-

324 1063 411 1091 cem
445 1049 698 1089 collatorum?
740 1049 846 1089 Vixit
871 1059 1003 1089 autem
1023 1051 1192 1103 Agrippa
1219 1049 1286 1087 ille
1311 1047 1442 1086 medio
1461 1045 1581 1098 spatio
1597 1047 1702 1085 inter

323 1105 581 1159 Hipparchum
603 1116 643 1143 et
666 1105 921 1150 Ptolemaeum,
943 1103 1011 1145 sub
1030 1105 1267 1144 Domitiano.
1298 1104 1338 1145 Si
1359 1103 1477 1143 etiam
1496 1102 1577 1155 ipse
1596 1114 1703 1141 men·

323 1161 369 1203 fis
395 1160 587 1212 Bithynici
611 1173 762 1200 nomen
791 1160 968 1200 suff-{rere
997 1161 1243 1209 existimaret,
1274 1159 1322 1199 fic
1349 1159 1491 1200 tabulas
1507 1157 1590 1210 ipse
1610 1171 1702 1209 quo-

322 1231 405 1270 que
426 1218 564 1258 viderit
586 1217 826 1268 antiquiores
848 1217 1062 1265 Ptolemaeo,
1093 1231 1167 1256 nec
1187 1216 1286 1263 alias,
1308 1229 1425 1266 quam
1445 1227 1546 1266 quae
1567 1215 1699 1265 vtique

324 1274 545 1315 emanarint
564 1274 610 1312 ab
630 1273 855 1325 Hipparcho.
914 1274 1058 1326 Pergit,
1079 1273 1139 1312 vbi
1163 1271 1284 1323 supra,
1304 1271 1469 1311 Plinius:
1493 1271 1645 1323 diesque,
1665 1283 1700 1309 et
1730 1275 1735 1280 “

325 1333 445 1378 horas,
475 1343 518 1370 ac
534 1328 646 1382 fiius,
675 1330 853 1368 Iocorum.
910 1332 1020 1369 Haec
1049 1330 1097 1368 ad
1125 1330 1271 1368 climata
1291 1327 1502 1373 retulerim,
1532 1337 1703 1377 quorum

325 1386 474 1429 tabulae
494 1386 534 1423 in
558 1387 755 1425 Ptolemaei
784 1391 968 1432 προχείροις
990 1384 1206 1425 canonibus
1224 1383 1424 1434 hodieque
1448 1381 1699 1422 conseruatae

321 1445 372 1485 ab
403 1441 619 1496 Hipparcho
648 1442 763 1482 etiam
790 1439 896 1493 ipsae
923 1439 1210 1480 descenderint.
1252 1440 1360 1480 fDies
1387 1439 1491 1479 enim
1512 1436 1699 1489 cuiusque

322 1500 477 1540 climatis
492 1499 730 1550 longissimos
747 1497 927 1536 horarum
945 1509 1112 1536 numero
1133 1495 1361 1548 designauit.
1422 1496 1542 1534 situm
1561 1505 1696 1533 autem

320 1559 486 1597 locorum
516 1553 772 1593 ostendebant
797 1553 1043 1608 longitudines
1071 1562 1111 1590 et
1136 1552 1362 1597 latitudines,
1391 1562 1431 1590 et
1450 1551 1553 1589 clima
1574 1547 1697 1601 ipsum

322 1626 396 1666 per
416 1611 568 1650 circulos
587 1610 751 1650 Vrbium
769 1608 976 1661 infignium
988 1607 1238 1655 Meridianos,
1268 1606 1308 1645 in
1327 1607 1465 1657 quibus
1487 1607 1615 1644 locum
1637 1605 1698 1643 vel
1753 1654 1754 1659 ¹

322 1669 579 1721 praecipuum
601 1664 948 1712 habebatRhodus,
966 1665 1006 1702 in
1028 1677 1105 1715 qua
1115 1662 1418 1703 Obseruationes
1438 1662 1700 1713 fecitHippar-

323 1724 422 1765 chus.
479 1726 529 1762 Et
558 1722 718 1773 quidem
747 1721 890 1760 tabulas
918 1718 1128 1760 istiusmodi
1164 1719 1356 1758 exhibent
1385 1719 1548 1758 canones
1581 1718 1698 1756 Ptole-

323 1784 417 1821 maei
447 1777 534 1818 Mff.
566 1792 659 1829 quas
683 1778 855 1830 'proinde
879 1778 988 1816 illum
1020 1775 1222 1815 verisimile
1249 1773 1304 1813 est
1323 1772 1508 1825 accepiffe
1540 1773 1585 1813 ab
1603 1773 1698 1825 Hip-

318 1835 469 1891 parcho.
481 1838 619 1886 ltaque
629 1834 788 1874 locorum
800 1833 960 1873 nomine
973 1833 1012 1872 V
1007 1831 1150 1878 rbes‚vti
1163 1831 1251 1876 dixi,
1265 1830 1444 1882 intelligo
1456 1829 1696 1882 inligniores‚

324 1894 466 1944 quibus
485 1892 680 1930 obnoxiae
706 1900 816 1929 erant
831 1889 997 1928 ditiones
1007 1887 1300 1928 Suburbicoriae.
1329 1885 1492 1926 Sust'ecit
1512 1885 1618 1924 enirn
1632 1886 1698 1925 Vr-

323 1949 421 1990 bium
451 1947 720 1999 principalium
746 1944 972 1998 defignatio,
1001 1955 1039 1983 vt
1064 1945 1104 1982 in
1123 1944 1288 1984 Vrbium
1309 1941 1510 1982 ditionibus
1528 1940 1696 1993 intelligi

324 2003 482 2058 possent
501 2002 806 2042 Obseruationes
826 2000 1033 2054 Hipparchi
1060 2001 1098 2038 in
1121 1999 1227 2039 vsum
1254 1997 1409 2039 Vrbium
1429 1997 1692 2036 concinnatae.

327 2063 397 2101 His
416 2069 548 2100 autem
570 2059 734 2110 opponit
752 2057 897 2097 Plinius
919 2060 1020 2096 vicos
1043 2056 1272 2109 Populorum.
1333 2053 1533 2104 Intelligit,
1556 2062 1592 2089 vt
1616 2052 1695 2102 opi-

327 2130 410 2163 nor,
443 2116 606 2168 Populos,
637 2113 777 2165 quibus
805 2114 937 2152 nullae
977 2122 1088 2152 erant
1114 2112 1318 2163 primariae
1347 2108 1472 2154 Vrbes,
1493 2111 1532 2146 in
1554 2107 1695 2157 quibus

318 2171 395 2224 fixi
414 2168 538 2209 essent
558 2182 753 2209 conuentus
774 2171 968 2208 communi
990 2170 1150 2206 omnium
1169 2167 1331 2205 nomine
1350 2163 1582 2203 celebrandi.
1615 2165 1694 2202 Has

326 2230 434 2268 enim
459 2239 585 2279 gentes
612 2239 692 2263 non
723 2223 812 2262 nuri
841 2223 951 2267 πόλεις
982 2223 1175 2269 habltare,
1207 2221 1271 2260 sed
1295 2220 1384 2257 mci-:2
1412 2219 1534 2265 κώμας,
1562 2219 1696 2257 dicunt

330 2281 557 2337 Geogmphi,
587 2295 667 2320 non
697 2281 919 2332 oppidatim,
950 2278 1013 2319 sed
1042 2281 1209 2324 vicatim,
1237 2274 1302 2314 seu
1337 2273 1492 2320 κωμηδόν.
1549 2275 1694 2313 Placuit

326 2341 434 2379 enim
461 2351 541 2376 mos
569 2337 634 2377 ille
665 2351 685 2375 a
705 2336 911 2375 maioribus
935 2345 1114 2385 acceptus
1136 2334 1287 2386 Populis
1310 2331 1454 2381 alioqui
1483 2331 1695 2369 admodum

326 2393 560 2435 celebribus.
617 2392 678 2432 Sic
707 2392 798 2429 olim
830 2388 1015 2429 habitasse
1040 2388 1108 2440 ipsi
1137 2390 1317 2427 dicuntur
1351 2386 1600 2437 Atheniensis,
1624 2385 1696 2436 pri-

325 2448 492 2499 musque
518 2449 645 2489 fertur
674 2444 787 2486 suiffe
815 2446 986 2496 Thefius,
1018 2446 1085 2496 qui
1111 2445 1194 2482 illos
1220 2444 1259 2481 in
1279 2445 1409 2482 vrbem
1428 2442 1697 2491 Atheniensium

326 2506 510 2557 coegerit.
568 2503 644 2544 Sed
673 2502 776 2547 δέμας
805 2501 1055 2553 appellabant
1080 2500 1334 2550 Athenienfis,
1364 2511 1465 2549 quae
1484 2502 1590 2543 κῶμαι
1618 2497 1698 2536 aliis

171 2565 315 2607 61Ar1'fl.
328 2563 477 2602 Graecis
499 2559 807 2611 appellabantur,
839 2568 877 2595 vt
895 2556 1039 2595 iamdiu
1061 2554 1282 2595 Obseruauit
1300 2555 1327 2578 ⁶¹
1349 2554 1569 2607 Aristoteles.
1602 2554 1699 2593 Cae·

168 2615 208 2646 ‘¹⁶
224 2615 317 2648 Poet.
330 2629 460 2659 terum
476 2616 575 2657 nihil
594 2614 785 2655 attinebat
801 2612 912 2655 notio
929 2613 992 2653 illa
1012 2609 1108 2659 δέμε,
1131 2625 1207 2664 qua
1227 2611 1459 2652 tantundem
1470 2611 1578 2658 valet,
1592 2607 1698 2659 quod

1597 2663 1699 2711 ῑῶμῆι
