1796 3120
146 80 248 120 PRO
288 78 691 121 HYPOTHESIBVS
727 74 970 121 DIONst
997 74 1284 124 HALICARN.
1338 81 1447 136 2681

178 195 272 238 455.
302 186 443 223 Annus
459 183 708 224 Tribunorum
724 182 857 230 Plebis,
872 185 1036 238 Virginii
1047 185 1279 241 'colleganum
1291 189 1339 227 V.
1353 188 1448 228 Cer-

72 249 132 279 tus
152 239 247 279 item
266 237 364 290 situs
386 239 442 279 est
463 242 634 294 priorum
661 241 775 279 huius
795 242 888 280 anni
906 241 1000 292 Cosfi
1022 255 1094 293 pro
1120 250 1255 282 mente
1272 243 1449 295 Dionyfii

71 307 121 335 ex
144 297 367 349 Olympiade,
396 309 497 348 quae
525 300 652 349 quarti
679 294 866 346 cuiusque
893 297 997 348 apud
1030 298 1137 338 illum
1156 300 1248 338 anni
1269 308 1362 338 nota
1380 299 1445 338 est.

71 352 212 392 Certus
229 353 323 391 item
342 365 365 391 e
384 352 509 392 verbis
528 352 648 391 Liuii:
686 353 883 403 Tricesi'mo
893 353 1004 404 fixio
1024 368 1119 393 anno
1135 353 1301 407 oprimis
1321 354 1451 394 Tribu-

68 410 126 448 nis
146 409 284 456 Plebis,
317 410 433 449 decem
452 411 566 447 creati
581 407 691 460 fiint.
714 411 784 447 III.
798 421 861 459 30.
903 410 1034 449 Creati
1054 408 1140 448 sunt
1161 409 1229 450 sub
1250 411 1450 464 prioribus

71 463 185 504 huius
203 463 297 504 anni
317 465 410 518 Coss?
436 464 546 504 Anni
570 464 753 502 nimirum
775 464 973 504 Catoniani
990 477 1083 519 297.
1112 466 1188 505 Diu
1208 477 1337 506 tamen
1363 473 1450 507 ant&

69 518 243 572 elapsum
266 521 511 572 Consulatum,
530 522 733 559 maturatis
749 532 895 571 nempe
921 522 1093 562 Comitiis
1117 521 1355 563 Tribunitiis.
1385 524 1449 564 Sic

70 576 178 615 enim
207 577 358 616 Liuius:
402 575 614 616 Tribunitia
636 577 807 622 Comitia,
838 590 882 615 ne
908 577 950 615 id
970 590 1112 632 quoque
1133 579 1216 631 post
1232 581 1383 628 Bellum,
1402 591 1447 619 vt

68 645 222 679 caetera,
253 646 385 672 vanum
412 632 500 684 effin,
527 631 704 683 extemplo
724 631 864 672 habita.
894 634 960 672 ΠΙ.
974 646 1036 685 30.
1081 636 1205 686 Supra
1225 638 1332 675 enim
1352 637 1448 676 vidi-

65 701 163 737 mus,
181 690 323 729 eodem
339 690 426 741 fere
447 701 534 727 cum
552 687 816 739 Consularibus
836 689 1008 728 Comitiis
1034 699 1211 742 tempore
1234 693 1370 732 haberi
1393 691 1446 731 so·

67 745 134 784 lita
165 747 323 785 Comitia
340 743 561 785 Tribunitia.
616 747 702 784 Hoc
728 754 859 783 autem
891 758 995 784 anno
1020 758 1104 785 ante
1122 748 1318 798 copiarum
1340 749 1446 787 dele·

68 801 148 840 &cus
178 801 336 840 Tribuni
363 799 550 854 designati
578 799 674 840 sunt.
731 801 792 840 Sic
821 811 952 840 tamen
979 814 1137 848 mature,
1165 813 1202 842 vt
1228 802 1445 856 superefl'et

69 856 284 907 Confidibus
302 855 438 896 iisdem
459 867 609 908 tempus
634 855 750 895 rebus
769 856 877 895 Bello
894 858 1074 911 gerendis.
1115 861 1203 898 Hoc
1221 873 1318 913 ergo
1339 874 1444 899 anno

65 913 213 952 Iulmno
243 911 430 965 defignati
453 910 549 959 sunt,
581 925 655 951 nec
687 912 896 951 admodum
923 911 1061 965 affiffto.
1125 916 1205 955 Sed
1236 922 1282 959 εἰς
1310 916 1446 954 ἐπιόντα

66 969 219 1010 ἐνιαυτόν.
245 969 411 1020 Dionys
428 972 471 1009 X.
485 970 576 1022 627.
614 970 780 1024 Quintus
798 969 914 1012 enim,
933 969 1001 1021 qui
1019 968 1250 1023 agnoscitur,
1270 974 1445 1024 priorum

67 1025 338 1065 Tribunorum
361 1024 590 1065 Tribunatus
619 1026 666 1064 ad
683 1023 852 1064 Decemb.
883 1036 958 1063 vet.
971 1028 1015 1065 X.
1047 1025 1168 1078 vsque
1195 1028 1335 1077 tenuit,
1365 1042 1444 1079 quo

66 1080 202 1121 mense
228 1081 294 1121 alii
314 1092 424 1120 erant
442 1083 483 1120 in
506 1081 716 1133 RepublIca
737 1081 831 1133 Coss?
861 1082 1017 1120 alterius
1049 1083 1216 1134 proinde
1236 1087 1326 1124 anni
1341 1085 1446 1123 Indi-

67 1151 142 1186 ces,
174 1136 247 1190 pro'
273 1136 461 1176 methodo
481 1137 670 1189 Fastorum
696 1150 914 1177 annuorum.
972 1142 1112 1178 Annos
1134 1141 1239 1178 enim
1259 1139 1443 1196 defi'gnati,

66 1207 148 1233 non
167 1205 297 1233 autem
314 1194 413 1248 gesti,
445 1192 602 1232 honoris
615 1197 782 1233 Veteres
798 1195 840 1232 in
863 1193 1014 1232 calculis
1035 1193 1108 1234 suis
1127 1195 1339 1236 obseruare
1357 1210 1444 1248 pro-

66 1250 244 1292 bauimus
266 1250 415 1302 DiffX.
447 1249 497 1288 de
519 1251 617 1300 Cycl.
636 1252 749 1303 n.96.
781 1250 843 1290 Sic
861 1260 992 1288 autem
1011 1250 1155 1291 constat
1171 1251 1236 1291 hic
1255 1266 1443 1292 numerus

65 1306 352 1347 accuratiffime.
410 1308 510 1347 Nam
538 1304 607 1345 sub
629 1306 723 1357 Coff
747 1306 841 1345 anni
862 1306 1056 1347 Catoniani
1076 1312 1167 1350 261.
1195 1309 1340 1359 primos·
1357 1306 1443 1348 Tri-

65 1364 192 1403 bunos
212 1377 350 1402 creatos
369 1361 626 1409 consentiunt,
658 1373 733 1401 tam
744 1361 1014 1412 Liuius‚quam
1025 1363 1235 1415 Dionyfi'us.
1267 1363 1445 1405 Consen-

66 1430 228 1460 taneum
257 1431 354 1471 ergo
375 1416 448 1465 est,
482 1429 519 1456 vt
540 1416 608 1457 sub
632 1417 822 1470 prioribus
849 1417 964 1457 huius
992 1419 1083 1458 anni
1103 1421 1241 1459 Iuliani
1258 1421 1353 1473 COff
1375 1420 1441 1471 qui

65 1475 249 1528 Epochae
277 1475 504 1515 Catonianae
532 1487 677 1513 annum
708 1473 964 1527 designabant
995 1486 1086 1528 297.
1130 1477 1281 1527 quique
1310 1493 1329 1517 a
1351 1476 1445 1528 00]st

65 1533 156 1572 anui
177 1534 268 1573 261.
290 1543 429 1570 reuera
450 1540 562 1570 erant
579 1528 870 1582 tricejfimifixti,
901 1529 1088 1583 defignati
1111 1532 1262 1571 fuerint
1278 1534 1442 1574 Tribuni

66 1589 182 1629 decem
199 1589 311 1639 primi
329 1585 580 1637 sequentium
601 1587 694 1639 Coss
711 1582 1062 1626 mense'Decembri
1082 1587 1273 1629 honorem
1292 1590 1438 1629 inituri.

65 1641 279 1695 Hucusque
305 1655 401 1695 ergo
423 1643 521 1695 Fasti
538 1644 683 1695 integri
702 1641 801 1682 sunt.
856 1643 982 1682 Huius
1000 1645 1167 1694 proinde
1189 1647 1279 1684 anni
1303 1648 1442 1686 Iuliani

53 1700 172 1754 ¹gesta
190 1698 404 1753 Confidaria
423 1696 538 1739 fuisse
557 1697 862 1739 consentaneum
881 1698 934 1737 est
953 1701 1119 1739 Comitiis
1138 1701 1355 1742 Tribunitiis
1375 1717 1438 1754 po.

65 1757 238 1803 steriora,
271 1755 410 1806 quibus
432 1754 591 1795 Tribuni
619 1754 806 1808 designati
829 1754 919 1795 sunt
948 1757 1141 1797 Decembri
1169 1756 1349 1808 sequenti
1374 1760 1441 1798 ho-

65 1824 199 1852 norem
220 1825 366 1851 inituri.

177 1868 301 1907 Idibus
329 1866 541 1915 Sextilibus,
569 1866 787 1921 Septembris
815 1881 962 1921 nempe
989 1868 1127 1909 Iuliani
1153 1869 1217 1909 die
1237 1873 1305 1917 lv,
1340 1869 1439 1923 (pro

67 1938 170 1966 anno
196 1923 296 1974 Cycli
317 1927 426 1977 VH.)
457 1925 597 1962 ineunt
614 1924 707 1962 noui
726 1925 916 1977 sequentis
935 1927 1026 1964 anni
1049 1926 1233 1981 Consules.
1291 1927 1440 1967 Decem·

64 1981 142 2021 bris
163 1992 295 2020 autem
315 1980 454 2019 veteris
483 1980 547 2019 die
566 1983 609 2019 X.
638 1982 731 2018 noui
747 1980 906 2021 Tribuni
937 1982 1176 2021 decenorum
1195 1984 1318 2035 primi,
1346 1997 1438 2035 quo-

67 2048 151 2078 tum
170 2037 314 2089 primus
333 2037 476 2083 Icilius,
507 2050 611 2076 anno
631 2036 778 2076 Iuliano
784 2038 968 2090 fi’quenti.

174 2104 267 2147 454.
298 2093 420 2132 'Icilius
440 2106 526 2131 cum
545 2094 701 2145 collegi<
713 2093 886 2135 Tribunis
907 2093 1016 2134 denis
1031 2096 1172 2147 primus
1191 2095 1265 2135 boc
1279 2094 1438 2136 demum

66 2162 169 2188 anno
196 2151 340 2188 Iuliano
361 2150 510 2195 ineunt,
530 2148 697 2188 Ianuarii
708 2150 848 2189 Iuliani
874 2150 937 2189 die
951 2153 1033 2190 VH.
1054 2153 1119 2201 qui
1142 2155 1278 2191 veteris
1288 2153 1439 2192 Decem-

65 2204 142 2244 bris
161 2205 235 2243 diei
255 2204 516 2256 respondebat
534 2208 578 2244 X.
608 2206 705 2244 Inde
723 2206 914 2257 incipiunt
930 2220 1046 2245 nouae
1065 2207 1330 2248 Tribunorum
1350 2223 1437 2248 cum

67 2259 279 2312 Consulibus
300 2262 350 2300 de
367 2273 502 2300 monte
525 2264 713 2300 Auentino
736 2263 830 2301 lites.
890 2266 998 2301 Ante
1017 2265 1109 2302 anni
1130 2265 1342 2319 Confidaris
1359 2267 1437 2304 exi-

65 2328 147 2356 tum
164 2318 272 2356 iidem
283 2317 448 2365 Tribuni,
468 2331 552 2355 cum
575 2319 717 2357 eodeni
738 2318 914 2370 principe
928 2319 1191 2369 Ici'lio‚r·efi¹<':'ii.
1205 2323 1357 2361 Lixum.
1371 2334 1435 2374 31.

175 2372 300 2411 Idibus
318 2372 529 2420 Sextilibus,
559 2374 776 2427 Septembris
797 2375 936 2413 lulloni
965 2376 1028 2414 die
1048 2379 1170 2416 XVII.
1200 2392 1303 2417 anno
1336 2377 1438 2427 Cycli

64 2430 166 2469 VIII.
189 2430 327 2467 ineunt
349 2428 646 2481 nouisiquentis
667 2432 757 2470 anni
783 2432 874 2482 Coff'
895 2432 1084 2471 Deccmbr.
1106 2430 1233 2473 vetjx.
1267 2433 1435 2471 Proinde

63 2485 231 2526 Ianuarii
246 2485 382 2523 Iuliani
401 2487 578 2525 XXVIII.
606 2486 746 2524 ineunt
760 2488 923 2538 ficund'a
945 2488 1023 2525 vice
1041 2489 1159 2527 iidem
1183 2489 1351 2529 Tribuni.

175 2552 269 2594 453.
300 2543 385 2579 Hoc
403 2541 560 2579 demum
581 2555 683 2580 anno
703 2544 847 2583 Iuliano
874 2543 1064 2594 incipiunt
1084 2557 1188 2583 noua
1204 2545 1326 2598 iurgia
1346 2545 1439 2596 refi-

66 2596 205 2638 {lorum
229 2596 478 2640 Tribunorum
505 2610 592 2636 cum
614 2598 838 2650 Consulibus,
867 2600 941 2638 iam
957 2599 1029 2649 sico
1047 2599 1188 2640 biennio
1210 2600 1435 2654 R'Iagistratu

1371 2658 1437 2698 in·
