1796 3120
194 132 297 173 eno
328 103 736 172 HYPOTneslssvS
775 130 1016 172 moNst
1045 129 1332 172 nAucARN.
1389 142 1501 187 2727

115 239 180 277 De
199 247 368 290 tempore,
390 248 469 287 quo
491 235 738 289 triumpharit
750 237 898 290 Appius,
910 234 1010 275 nihil
1029 235 1220 275 habemus
1241 234 1499 287 exploratum.

106 293 197 336 ⁴Sed
221 305 312 332 vero
340 305 435 332 ante
454 294 653 332 Kalendas
674 292 829 345 Apriles
846 292 1076 346 Magistratu
1103 305 1186 332 non
1207 290 1389 346 exceffisse,
1410 305 1433 331 e
1439 294 1501 345 fi-

116 352 247 405 quenti
262 349 464 402 Confidam
481 351 722 402 colligemus.

227 409 321 459 263.
351 408 478 446 Huius
499 407 591 446 anni
612 404 710 459 Coffi
737 414 830 445 ante
851 403 1008 445 Kalend.
1028 405 1176 458 Apriles
1200 405 1304 443 inire
1329 417 1410 443 non
1431 418 1500 456 po-

110 460 240 509 tuisse,
273 463 420 503 exinde
437 462 706 514 intelligimus,
738 460 847 514 quod
877 461 928 500 de
959 462 1087 502 Poenis
1113 472 1152 500 et
1170 462 1334 502 Hierone
1366 462 1499 500 trium-

113 518 246 572 pharit
267 518 435 559 Valerius
452 518 622 572 Meffizlla
641 520 743 558 XVI.
764 515 848 555 Kal.
867 517 988 569 April.
1009 517 1137 557 adhuc
1155 518 1295 569 Confid,
1317 515 1499 556 reuersus

116 586 248 629 autem
270 587 294 614 e
311 576 447 622 Sicilia,
478 573 575 614 teste
593 571 765 624 Polybio.
812 573 1012 623 Constilatu
1034 585 1181 626 nempe
1198 587 1364 614 exeunte.
1410 576 1500 612 Hoc

114 642 248 672 autem
277 631 480 683 Confidam
509 629 682 670 Distator
711 629 808 669 claui
825 627 972 684 figendi
1002 628 1124 676 causa,
1154 640 1194 668 vt
1215 631 1330 670 docet
1348 630 1498 670 Auelor

115 687 314 728 Fastorum
337 686 652 740 'Capitolinorum
739 684 868 726 Idibus
893 698 1042 737 nempe
1068 684 1359 739 Septembribus,
1387 685 1498 738 quod

114 744 344 795 Pestilentiae
362 741 470 783 causa
491 742 636 782 fastum
654 741 761 781 reEle
779 742 972 793 opinatur,
1005 752 1042 780 vt
1059 754 1168 793 puto,
1198 743 1385 798 Sigonius.
1429 745 1497 783 Se·

111 800 264 840 cundus
282 811 365 839 erat
385 799 447 838 hic
460 798 686 853 pestilentiae
703 811 840 845 annus,
874 810 992 849 quam
1011 797 1172 838 biennem
1189 797 1406 852 agnoscunt
1416 803 1494 839 Au-

113 857 247 904 flores,
279 854 440 907 croſsia,
471 855 509 895 S.
522 855 757 910 Augustinus,
777 854 968 895 Zonaras..
1012 856 1111 894 lnde
1131 854 1321 898 discimus.
1333 856 1492 901 nullam,

111 923 274 966 propter
286 913 428 966 pestem,
461 911 603 952 fastam
625 909 703 950 effe
723 910 764 949 in
783 911 878 951 anni
905 911 1062 952 exordio
1097 912 1376 958 mutationem,
1405 925 1495 950 cum

111 965 326 1020 hisecundi
352 980 514 1020 quoque
541 968 711 1019 Confiales
734 967 937 1021 integrum
962 965 1099 1008 ann'um
1122 968 1166 1006 in
1191 967 1421 1021 Magistratu
1440 977 1495 1005 te.-

111 1026 284 1064 nuerint.
344 1028 401 1065 Ita
423 1035 554 1064 tamen
576 1037 657 1063 rem
681 1021 796 1063 fuiffe
818 1033 1028 1076 propterea
1049 1021 1354 1076 suspicabamur,
1385 1021 1495 1074 quod

111 1094 157 1121 ea
177 1081 298 1121 fuerit
318 1092 479 1122 veterum
502 1081 758 1121 Romanorum
781 1080 831 1120 de
846 1079 943 1133 peste
962 1080 1117 1132 opinio,
1147 1091 1186 1119 vt
1204 1080 1365 1133 auspicia
1385 1079 1491 1125 anni,

111 1151 191 1189 quo
219 1138 450 1190 contigerit,
490 1137 622 1176 omnia
650 1135 754 1188 quafi
784 1137 956 1186 quodam
982 1138 1164 1190 contagio
1191 1137 1296 1176 illam
1325 1136 1492 1176 foedare

111 1194 363 1234 crediderint.
422 1194 484 1234 §ic
512 1194 617 1232 enim
648 1194 771 1234 Liuius
796 1194 898 1233 VIII.
932 1204 995 1244 17.
1053 1196 1108 1232 Ea
1135 1205 1227 1232 vero
1254 1192 1491 1245 potiffimum

111 1251 272 1297 ratione,
302 1260 339 1288 vt
357 1249 574 1303 Confidams
593 1249 724 1290 Duiln'
751 1250 794 1288 in
822 1248 978 1302 mensim
1003 1249 1262 1290 intercalarem
1286 1249 1489 1288 incideret.

108 1309 174 1347 De
192 1306 267 1346 hoc
284 1316 416 1346 autem
437 1306 583 1358 postea.
998 1354 1009 1360 Ι

220 1365 313 1406 262.
331 1364 412 1402 Hoc
435 1363 551 1402 etiam
569 1375 674 1401 anno
695 1361 802 1402 idem
824 1360 952 1401 adhuc
968 1359 1090 1402 fuisse
1108 1361 1261 1401 videtur
1278 1361 1373 1401 anni
1387 1362 1491 1402 Con-

109 1416 239 1460 sularis
264 1421 470 1459 exordium.
528 1419 776 1474 Agrigentum
805 1418 912 1457 enim
939 1431 1026 1457 cum
1054 1417 1293 1458 obsedifi’ent
1315 1419 1491 1467 Romani,

108 1475 314 1527 tempestas
326 1486 410 1515 erat
419 1478 617 1522 &unagaen
637 1479 699 1519 τῆς
726 1476 772 1514 ‘ris'
789 1480 866 1512 civ-u
884 1477 1086 1522 συναγωγῆς,
1100 1474 1196 1514 teste
1209 1475 1363 1527 Polybio
1378 1479 1405 1515 I.
1427 1488 1488 1529 17.

105 1530 254 1571 Mensis
266 1544 413 1583 nempe
420 1533 556 1571 Iuliani
564 1531 743 1582 Iulii,quo
741 1531 869 1583 firias
881 1529 1040 1585 meffiuas
1050 1529 1489 1572 obseruabantRomani.

103 1591 138 1629 Is
152 1598 283 1628 autem
295 1589 407 1627 Iunio
419 1590 536 1627 veteri
554 1601 709 1627 exeunte
718 1586 848 1638 coepit
866 1585 940 1626 hoc
953 1601 1057 1628 anno
1075 1588 1179 1638 cycli
1187 1590 1252 1627 IX.
1266 1589 1359 1637 Quo
1380 1599 1490 1627 certe

103 1645 284 1684 maturius
312 1645 512 1695 appellere
540 1644 600 1682 vix
629 1653 812 1696 poterant
840 1643 935 1696 Coffi
969 1644 1036 1695 qui
1061 1643 1333 1697 Magistratum
1360 1644 1492 1685 Idibus

105 1700 295 1753 ‘Aprilibus
322 1700 528 1739 illiuerant.
566 1700 688 1741 Addit
708 1699 906 1749 Polybius:
934 1708 1031 1739 πέντε
1047 1700 1108 1746 μὲν
1137 1703 1215 1744 ’ἴσως
1231 1704 1335 1747 μῆνας
1352 1707 1403 1738 ἐπὶ
1421 1704 1491 1739 τῶν

105 1758 217 1795 αὐτῶν
242 1761 386 1798 διέμενον.
419 1758 446 1794 Ι.
463 1763 524 1804 18.
584 1756 647 1796 Ad
665 1754 899 1796 Decembrem
916 1754 1230 1807 vsquelulianum
1256 1758 1490 1810 pertingent

105 1810 159 1849 illi
181 1809 345 1850 menses.
395 1813 543 1850 Iterum
569 1813 672 1852 Toro
688 1822 826 1851 monte
848 1814 895 1852 ab
913 1813 1099 1853 Hannone
1118 1824 1304 1866 occupato
1317 1828 1329 1860 3
1355 1815 1410 1854 δύο
1428 1813 1491 1859 μὲν

105 1868 209 1912 μῆνας
229 1867 336 1913 ἔμενον
352 1872 402 1905 ἐπὶ
420 1870 482 1904 τῶν
502 1866 725 1913 ὖποκειμὲνων.
748 1872 776 1907 l.
794 1880 854 1921 19·
885 1870 949 1909 Ad
967 1868 1144 1910 mensem
1167 1884 1314 1923 nempe
1327 1871 1488 1911 Februa-

104 1923 216 1963 rium.
250 1924 432 1963 Tandem
452 1922 543 1964 vrbe
561 1925 777 1976 potiuntur.
813 1927 848 1964 N
854 1926 966 1965 uncio
987 1926 1061 1967 hoc
1079 1927 1219 1967 Romae
1236 1939 1406 1979 accepto,
1420 1939 1489 1965 no-

103 1989 194 2017 vum
217 1979 416 2019 confilium
447 1980 589 2019 ineunt
616 1981 666 2021 de
706 1982 871 2032 proximi
901 1983 993 2022 anni
1021 1983 1236 2035 Conficlibus
1263 1984 1304 2021 in
1323 1983 1488 2023 Siciliam

101 2035 312 2075 mittendis.
370 2036 469 2075 Inde
491 2049 653 2087 quoque
672 2035 923 2078 manifestum
942 2037 1007 2086 est,
1018 2041 1118 2079 illius
1137 2039 1230 2079 anni
1252 2040 1489 2090 Conficlatum

103 2105 123 2130 a
133 2089 211 2142 fine
240 2104 321 2130 non
353 2092 476 2144 longe
503 2091 674 2132 abfuisse.
733 2093 922 2134 Meminit
946 2106 1150 2146 praeterea
1172 2095 1278 2149 pestis
1306 2097 1488 2136 Romanis·

101 2145 268 2186 infestae
291 2147 365 2186 hoc
385 2149 501 2188 etiam
526 2163 629 2189 anno
651 2149 832 2201 Polybius.
890 2151 930 2191 Si
949 2153 1108 2201 quidem
1131 2153 1181 2191 de
1202 2153 1300 2192 Vrbe
1317 2152 1396 2204 ipsa
1413 2153 1484 2192 Ro-

99 2216 207 2242 mana
225 2203 486 2250 intellexerim
518 2205 569 2245 ita
589 2205 785 2256 constabit,
805 2207 970 2247 inutilem
981 2207 1095 2247 fuifi'e
1114 2208 1254 2248 clauum
1274 2225 1294 2248 a
1315 2209 1486 2261 superio-

101 2259 149 2297 ris
168 2259 261 2298 anni
281 2258 474 2299 Distatore
496 2259 630 2302 mense
641 2262 841 2314 Septembri
860 2263 992 2303 fixum.
1051 2269 1100 2305 Et
1121 2265 1281 2315 quidem
1302 2266 1353 2304 ita
1373 2266 1484 2303 illum

100 2311 345 2363 intellexiffe,
365 2315 680 2358 verifimillimum
702 2318 768 2358 est.
825 2320 961 2372 Castris
979 2321 1086 2360 enim
1103 2321 1279 2362 Romanis
1298 2322 1336 2359 in
1357 2321 1485 2361 Sicilia

99 2368 263 2423 graffata
282 2371 364 2411 lues
388 2374 760 2430 Carthaginienfibus,
792 2380 939 2428 pariter
962 2390 1005 2416 ac
1037 2379 1224 2425 Romanis,
1254 2376 1384 2419 fuisset
1404 2389 1483 2416 me·

99 2426 257 2471 tuenda,
288 2429 443 2477 qualem
465 2430 563 2470 hanc
582 2445 661 2470 non
685 2429 798 2471 fuisse
816 2431 1009 2484 supponit.
1049 2438 1134 2473 Hoc
1154 2447 1287 2475 tamen
1311 2434 1450 2475 obiter.

211 2483 303 2543 269.
334 2486 419 2523 Hoc
446 2485 539 2525 irem
571 2501 675 2526 anno
706 2489 804 2528 idem
831 2490 958 2529 adhuc
980 2490 1193 2540 Consularis
1215 2492 1307 2531 anni
1327 2491 1482 2529 initium

97 2535 300 2600 pnerstitifle
320 2540 524 2589 probabile
545 2542 617 2588 est,
649 2557 737 2584 cum
758 2544 932 2585 Kalendis
955 2547 1247 2587 Inter-caloribus
1269 2546 1482 2597 triumpha·

97 2602 146 2631 r1t
164 2593 315 2633 Duilzus
345 2596 470 2635 adhuc
493 2598 641 2648 Consul,
675 2598 740 2640 sed
767 2615 787 2641 a
809 2603 925 2641 rebus
942 2604 982 2640 in
1002 2602 1130 2643 Sicilia
1153 2604 1338 2655 gei-„endis
1358 2615 1482 2641 reuer-

94 2648 153 2712 lifs
172 2650 219 2689 ad
239 2651 398 2690 Comitia
420 2651 613 2702 habenda,
643 2665 683 2694 et
700 2657 868 2708 proinde
886 2671 967 2696 non
987 2660 1051 2697 diu
1071 2671 1162 2699 ante
1186 2661 1399 2711 Corisislatus
1430 2659 1481 2695 le-

93 2706 217 2765 gni-mi
236 2705 362 2757 finem·
421 2710 597 2760 Spatium
638 2711 720 2751 satis
752 2726 970 2766 congruum
997 2726 1079 2755 erat
1107 2715 1297 2766 Comitiis,
1338 2714 1481 2766 quibus

92 2760 542 2817 dengnatenturfhturi
561 2769 654 2806 anni
675 2769 858 2820 Consules.
902 2771 1132 2823 captusque
1152 2773 1282 2813 fuerat
1298 2787 1321 2813 a
1341 2771 1479 2811 Poenis·

1328 2831 1479 2877 collega
