1796 3120
287 123 374 169 AD
414 118 954 168 CHRONOLOGIAM
992 128 1246 171 DIONYS.
1334 139 1472 186 *2452

86 231 189 287 stone
215 245 313 284 opus
332 241 424 279 erat,
444 241 484 269 vt
501 231 550 270 ad
571 231 647 282 fica
667 230 785 282 vsque
811 242 988 283 tempora
1014 231 1320 284 Astronomorum
1346 232 1472 272 iunio-

92 302 183 328 rum
213 287 490 339 obseruationes
521 287 738 327 deduceret
757 289 1002 341 Hipparchus.
1059 292 1154 329 Eam
1175 301 1270 341 ergo
1292 288 1471 328 adiunxit

94 343 178 398 ipse
200 357 347 391 eorum,
369 344 436 394 qui
452 343 666 383 Alexandro
684 343 751 395 ipfi
769 344 810 382 in
820 347 986 399 Aegypto
1003 342 1272 391 success'erunt,
1294 343 1363 384 sub
1384 344 1470 394 qui-

96 401 167 440 bus
185 399 317 452 postea
349 400 517 439 maxime
539 399 668 438 floruit
687 399 932 451 Astronomia.
991 401 1191 453 Stipemliis
1212 400 1328 445 enim,
1349 411 1470 451 atque

92 456 324 498 Bibliotheca
353 454 640 502 instrufflssima,
667 466 706 495 et
725 455 971 507 instrumentis
994 456 1286 504 accuratiffimis,
1308 457 1474 496 aedibus-

96 526 164 568 que
184 513 228 550 in
247 511 352 551 vsum
372 511 728 552 Mathematicorum
747 511 957 559 exsti-offis,
978 512 1099 552 studia
1122 513 1262 559 omnia,
1295 523 1377 553 tum
1397 511 1475 552 hoc

97 569 333 621 potissimum
359 568 622 618 Astronomiae,
652 567 843 607 fouebant
871 569 1084 608 Ptolemaei.
1139 569 1220 609 Sed
1247 581 1338 607 vero
1370 569 1474 608 hanc

84 622 344 680 fiacceffionem
379 625 429 662 ita
446 623 656 669 contexuit,
685 634 724 661 vt
750 624 813 661 vel
841 623 937 663 inde
964 624 1241 675 intelligamus,
1274 638 1358 664 non
1375 639 1397 663 a
1416 636 1470 663 co·

95 684 196 721 acuis
214 679 430 720 auem-ibus
441 678 693 732 Hipparchum
705 677 880 725 sumfflse,
902 677 969 719 sed
988 693 1010 718 e
1027 680 1230 734 longinquo
1246 679 1320 719 suis
1339 680 1470 732 potius

97 738 306 776 ratiociniis
324 735 538 775 immistam.
595 735 715 783 Quod
737 735 842 774 enim
863 748 985 775 annos
1005 749 1089 776 vu.
1110 736 1360 788 affignauerit
1381 735 1473 789 Pha}

96 794 195 845 lippo
216 792 390 839 Aridaw,
427 802 508 830 tum
537 791 682 830 deinde
712 803 833 830 annos
862 791 954 831 alios
972 804 1033 830 ΧΠ
1054 793 1282 838 Alexandro,
1296 793 1471 832 Roxanes
1533 835 1537 839 ,

97 848 189 897 filio,
212 864 233 888 a
253 848 442 900 prioribus
463 847 664 893 diffi11&0s,
687 845 784 886 haec
807 845 1105 900 sanefalffffima,
1125 860 1198 886 nec
1219 863 1240 887 a
1260 862 1392 889 coaeuo
1411 850 1475 888 ali-

99 918 181 957 quo
211 917 394 944 emanare
422 901 588 955 poruiffe
612 902 704 941 alibi
730 903 980 953 proba-aimus
1002 903 1048 942 ⁶⁶.
1106 906 1155 943 Et
1184 915 1315 943 tamen
1343 905 1614 957 (quod56P1-o-

98 960 356 1014 Astronomiae
382 960 616 1011 potissimum
644 958 857 1010 intererat)
888 958 950 997 hic
969 972 1129 1010 quoque
1144 959 1273 1012 spatia
1300 953 1606 999 seruauidegom-

100 1017 394 1062 accuratissume,
438 1026 476 1054 vt
501 1028 616 1055 annus
642 1013 770 1052 nullus
799 1013 986 1066 defecerit,
1005 1016 1065 1054 rel
1089 1017 1322 1055 redundarit.
1380 999 1594 1071 Eratassnffi‘

99 1073 207 1112 enim
227 1085 373 1121 earum,
405 1084 507 1121 quae
527 1070 595 1110 sub
616 1069 832 1111 Ptolemaeis
861 1070 986 1111 faciae
1014 1069 1120 1119 sunt,
1163 1052 1555 1123 Offiruationumssffi,

99 1129 354 1169 recentiffima
375 1128 448 1176 illa,
474 1140 588 1178 quam
609 1140 682 1168 vu.
721 1124 983 1167 Philomezoris
1003 1127 1164 1181 affignat
1185 1141 1234 1167 ex
1255 1128 1470 1181 Hipparcho
1481 1132 1631 1171 Cyprian-

97 1185 342 1225 Ptolemaeus.
398 1181 583 1234 Eousque
611 1194 746 1221 verum
764 1183 880 1234 situm
907 1183 1069 1232 habent,
1100 1196 1203 1234 quae
1230 1180 1584 1231 1·eferun‘tur‚§·29·

100 1239 394 1293 Obseruationes.
453 1242 544 1278 Non
571 1239 666 1278 item
689 1237 829 1290 postea,
860 1239 900 1277 in
922 1240 985 1279 illa
1014 1238 1255 1280 successionis
1273 1242 1474 1296 Aegyptia-

95 1311 159 1336 cae
179 1309 298 1349 parte,
318 1310 436 1348 quam
458 1296 642 1347 deinceps
663 1295 710 1334 ad
723 1294 832 1348 fitam
849 1307 1054 1347 praeterea
1075 1310 1229 1336 aetatem
1246 1298 1472 1348 perduxere

98 1354 318 1407 Hipparcho
344 1354 518 1391 iuniores
533 1351 753 1403 Astronomi.
808 1354 909 1391 Nam
928 1364 950 1390 e
972 1351 1082 1399 longo
1101 1353 1259 1392 demum
1279 1354 1476 1393 interuallo

101 1410 244 1449 iterum
272 1409 480 1449 restaurata
508 1406 631 1447 studia
654 1408 694 1445 in
733 1409 898 1462 Aegypto
926 1407 1187 1458 Astronomiae.
1241 1411 1325 1449 Nec
1364 1410 1471 1448 enim

104 1466 386 1517 obseruationes
414 1463 515 1515 (post
542 1474 739 1514 receptam
758 1465 804 1503 ab
814 1465 975 1519 Augusto
990 1465 1270 1520 Alexandriam)
1289 1469 1472 1519 antiquio-

103 1537 166 1563 res
188 1522 351 1561 exhibet
379 1518 461 1573 ipse
480 1519 708 1558 Ptolemaeus
733 1519 897 1568 Theone,
935 1535 956 1559 a
989 1533 1066 1572 quo
1094 1519 1176 1572 ipse
1203 1523 1350 1572 accepit
1377 1535 1475 1560 non·
1505 1542 1510 1545 >

104 1579 238 1625 nullas,
259 1591 360 1629 quae
378 1577 524 1617 fuerint
544 1573 611 1614 sub
632 1575 838 1616 Hadriano.
896 1576 995 1615 Inde
1014 1577 1167 1624 fadum,
1181 1588 1220 1616 vt
1238 1591 1362 1617 annus
1381 1591 1477 1618 vaus

104 1635 152 1674 ab
188 1634 417 1687 Astronomis
442 1629 727 1683 praetermissus
765 1632 885 1672 fuerit
922 1632 963 1670 in
987 1631 1054 1671 suo
1077 1634 1219 1688 Regum
1249 1635 1406 1681 Conone,
1438 1644 1476 1673 vt

103 1691 138 1718 ⁶⁷
165 1688 401 1729 ostendimus
428 1688 470 1727 in
492 1688 775 1742 Agatharchide.
835 1688 972 1727 Prioris
1005 1702 1100 1741 ergo
1122 1692 1366 1745 Aegyptiacae
1397 1688 1528 1729 suc-67
1553 1688 1632 1720 Diff-

106 1746 279 1786 cessionis
306 1744 421 1785 series
454 1746 600 1795 optime
628 1745 833 1795 quadrabit
860 1746 900 1782 in
920 1745 1184 1796 Hipparchum,
1212 1757 1249 1784 vt
1276 1759 1352 1784 nec
1380 1735 1633 1809 ipso,¹g·v§·¹‘5'

106 1813 268 1854 propter
294 1812 471 1839 errorem
499 1811 575 1840 tam
603 1798 782 1847 craffum,
813 1801 935 1839 multo
965 1799 1043 1839 ess'e
1071 1803 1242 1854 potuerit
1261 1790 1509 1855 antiquarii*-
1537 1789 1630 1854 Εἶθ’,

106 1870 183 1896 nec
209 1857 368 1904 eodem,
406 1853 489 1907 post
510 1868 630 1905 quem
662 1857 785 1896 nullas
823 1856 990 1908 legimus
1018 1858 1060 1894 in
1085 1863 1254 1911 Aegypto
1285 1857 1402 1908 vsque
1428 1858 1627 1908 adgmpho-

104 1914 282 1954 Theonem
304 1913 415 1951 illurn
437 1911 730 1962 Obstruationes,
750 1912 924 1963 potuerit
947 1913 1070 1951 multo
1092 1913 1171 1953 esse
1195 1916 1331 1953 iunior.
1373 1914 1554 1954 Con-rum
1567 1921 1635 1947 Ve-

105 1970 214 2010 venit
234 1979 448 2020 praeterea,
479 1968 584 2018 quod
603 1969 674 2007 diei
690 1970 840 2007 initium
858 1968 965 2006 idem
985 1982 1072 2008 cum
1095 1973 1284 2025 Aegyptiis
1304 1966 1602 2022 agmone-“³¹¹¹m·

107 2027 155 2066 rit
181 2025 216 2051 ⁸⁶
230 2024 463 2078 Hipparchus
493 2039 512 2063 a
532 2025 649 2064 media
677 2025 776 2064 noete
804 2025 852 2063 ad
878 2025 1041 2063 mediam.
1102 2029 1150 2065 Et
1183 2026 1344 2077 quidem
1372 2025 1526 2065 aliud68
1549 2026 1637 2057 Plin-

106 2083 156 2124 ab
182 2081 292 2120 initio
320 2080 621 2130 Babyloniorum,
648 2080 754 2131 quod
780 2080 827 2119 ab
846 2080 1085 2131 exortusolis
1104 2081 1152 2120 ad
1174 2082 1291 2121 alium
1316 2069 1635 2133 pe1·tigit¹³{·f¹·¹¹·

105 2151 285 2179 exortum.
341 2136 419 2176 Sed
446 2138 563 2187 plane
589 2137 694 2175 idem
722 2149 809 2175 cum
828 2136 1009 2185 Romano,
1041 2138 1146 2187 quod
1171 2139 1328 2191 Sulpicio
1355 2123 1538 2186 Gallo‚7‘'·

106 2207 178 2246 pro
198 2191 286 2232 suae
303 2194 423 2247 gentis
443 2204 561 2237 more,
573 2194 694 2245 magis
713 2190 893 2243 placuisse
915 2192 1117 2231 verisimile
1133 2192 1198 2231 est.
1231 2195 1361 2233 Potuit
1382 2206 1479 2244 ergo

108 2250 183 2289 hoc
201 2251 317 2288 etiam
341 2247 568 2301 Hipparchus
591 2264 612 2288 a
633 2250 790 2301 Sulpicio
810 2247 989 2295 didicisse,
1022 2247 1171 2299 ipsique
1191 2249 1348 2290 for-fitam
1359 2251 1479 2301 Astro-

107 2307 208 2344 nomi
230 2307 411 2359 Aegyptii.
471 2304 709 2344 instauratae
736 2305 842 2342 enim
865 2305 968 2356 apud
993 2308 1188 2359 Aegyptios
1209 2306 1338 2357 postea
1358 2307 1482 2357 Astro-

107 2363 251 2400 nomiae
278 2361 381 2399 aliud
409 2360 504 2399 illud
537 2372 618 2400 erat
646 2361 851 2399 exordium
879 2376 900 2399 a
924 2364 1090 2408 meridze,
1123 2363 1228 2412 quod
1257 2361 1484 2401 obseruauit

109 2417 352 2463 Ptolemaeus,
388 2414 551 2466 eiusque
579 2416 761 2465 exemplo
790 2415 1000 2466 Astronomi
1045 2419 1270 2456 Ptolemaeo
1311 2420 1484 2456 iuniores.

109 2473 219 2511 Haec
239 2483 332 2523 ergo
353 2470 377 2509 fi
393 2474 533 2524 primus
553 2473 657 2524 apud
678 2474 837 2512 Graecos
857 2473 1035 2512 docuerit
1053 2473 1297 2526 Htpparchus,
1320 2478 1485 2526 primum

110 2528 228 2566 etiam
266 2524 377 2566 fuiffe
405 2525 712 2568 consentaneum
733 2528 805 2575 est,
843 2531 909 2579 qui
940 2529 1126 2581 Eclipstum
1159 2532 1486 2582 praedicendorum

110 2594 233 2622 artem
264 2580 327 2620 seu
349 2582 440 2622 alios
464 2583 643 2635 docuerit,
670 2583 738 2624 seu
759 2586 878 2626 etiam
906 2583 989 2637 ipse
1007 2599 1223 2627 exercuertt.
1283 2587 1413 2627 serius
1433 2597 1485 2624 ta-

109 2650 205 2679 men
229 2640 406 2679 Romano.
417 2637 593 2693 Sulpicio.

1364 2696 1487 2743 Quod

1386 2797 1401 2813 Ι
