1796 3120
683 24 692 54 Ι)

680 60 684 76 l

274 137 385 185 2384
505 78 702 183 LEGEfs
722 114 915 168 VETT.
966 127 1407 168 ROMANORVM.

389 236 427 275 S.
449 235 494 275 C.
517 237 561 274 A.
583 233 678 285 prid.
701 232 785 271 Kal.
809 231 947 270 Ofiob.
970 231 1009 269 in
1029 231 1128 270 aede
1153 232 1343 283 Apollinis
1363 230 1566 272 scribendo
1590 233 1654 273 ad·

280 291 444 331 fuerunt
470 293 510 329 L.
532 288 727 329 Domitius
755 288 828 326 Cn.
850 290 891 326 F.
919 286 1218 334 Ahenobarbus,
1251 288 1302 336 Q.
1323 289 1509 328 Metellus
1538 287 1591 336 Q.
1611 288 1651 328 F.

281 348 369 390 Pius
399 346 539 397 Scipio,
569 346 609 382 L.
629 343 769 382 Villius
791 345 832 381 L.
853 345 893 382 F.
920 345 1015 381 Pon.
1036 344 1209 389 Annalis,
1238 344 1282 382 C.
1302 345 1510 395 Septimius
1538 346 1587 382 T.
1610 347 1650 384 F.

283 404 462 451 Quirina,
481 402 526 441 (Σ.
551 399 776 439 Scribonius
794 398 839 438 C.
862 401 901 438 F.
922 401 961 437 P.
982 399 1114 445 Curio,
1132 401 1173 437 L.
1193 399 1330 438 Ateius
1349 402 1389 438 L.
1410 403 1448 439 F.
1481 404 1556 439 An.
1581 401 1650 440 Ca-

285 459 376 511 pito,
405 459 462 495 M.
487 456 638 506 Oppius
670 456 727 492 M.
749 457 789 494 F.
813 454 1045 493 Terentina.
1108 454 1228 501 Quod
1256 456 1311 492 M.
1332 455 1540 494 Marcellus
1560 457 1651 496 Cos.

284 518 333 555 V.
356 516 395 552 F.
423 513 474 551 de
494 510 714 562 prouinciis,
742 511 792 549 D.
811 512 856 550 E.
876 512 917 549 R.
940 513 968 550 I.
992 510 1037 550 C.
1065 510 1255 549 Senatum
1275 509 1499 557 existimare,
1531 512 1652 550 nemi-

284 582 378 609 nem
403 581 551 612 eorum,
573 567 640 616 qui
660 565 890 617 potestatem
909 565 1058 605 liabent
1084 564 1368 612 intercedendi,
1400 566 1651 617 impediendi,

282 637 429 664 moram
457 622 612 662 adferre
641 634 834 672 oportere,
866 621 1073 672 quominus
1103 621 1152 660 de
1173 623 1214 660 R.
1233 624 1272 660 P.
1296 622 1583 673 quamprimum
1602 623 1653 662 ad

284 680 460 721 senatum
481 678 619 717 referri
638 679 675 717 S.
697 678 747 728 Q.
769 678 813 717 C.
833 676 917 715 fieri
937 677 1060 729 possit.
1122 677 1205 728 Qui
1222 678 1456 729 impedierit,
1486 690 1579 717 eum
1599 676 1653 717 se-

281 747 417 775 natum
435 733 655 772 existimare
687 744 820 772 contra
842 736 883 772 R.
903 736 943 772 P.
974 730 1115 772 feciffe.
1171 733 1211 773 Si
1238 733 1324 783 quis
1353 733 1443 771 huic
1467 735 1505 773 S.
1529 734 1574 773 C.
1594 734 1651 771 in-

283 789 508 836 tercesserit,
538 788 688 828 senatui
719 789 874 840 placere
893 789 1157 828 auctoritatem
1176 788 1372 840 perscribi,
1406 799 1446 827 et
1463 789 1513 828 de
1537 801 1583 829 ea
1606 801 1651 827 re

288 847 336 887 ad
355 845 532 886 senatum
555 845 827 896 populumque
846 845 997 883 referri.
1057 845 1157 884 Huic
1174 843 1210 883 S.
1233 846 1270 885 C.
1290 843 1484 898 interceffit
1505 846 1545 884 C.
1566 846 1651 885 cae-

128 911 149 952 ².
174 899 279 950 (ts-1⁴⁴¹·
295 904 374 952 lius,
397 906 415 926 ²
431 900 476 941 L.
498 902 671 948 Vicimus,
700 902 758 940 vel
772 901 931 954 Asinius,
958 902 999 941 P.
1021 899 1221 949 Cornelius,
1253 902 1291 940 C.
1317 899 1445 940 Vibius
1465 900 1597 952 Pansb.

124 954 286 978 emmaus.
402 957 502 998 Item
532 955 678 997 senatui
707 957 871 1007 placere,
898 956 1164 996 auctoritatem
1186 955 1368 1008 perscribi
1391 957 1441 996 de
1461 958 1655 1004 militibus,

126 1625 250 1670 3f.ex

285 1015 353 1067 qui
373 1015 414 1053 in
435 1013 610 1052 exercitu
639 1013 683 1052 C.
704 1011 876 1053 Caesaris
905 1010 1004 1058 sunt,
1033 1011 1099 1062 qui
1119 1024 1257 1051 eorum
1273 1011 1463 1063 stipendia
1483 1014 1654 1060 emerita,

286 1068 425 1116 causas,
447 1069 588 1120 quibus
616 1068 666 1107 de
688 1066 802 1108 caufis
827 1068 922 1108 miffi
955 1066 1040 1106 fieri
1061 1067 1243 1117 debeant,
1266 1067 1448 1115 habeant,
1476 1069 1525 1108 ad
1548 1068 1655 1107 hune

285 1127 467 1166 ordinem
494 1124 645 1170 referri,
694 1135 731 1161 vt
761 1136 897 1162 eorum
923 1124 1019 1167 ratio
1047 1123 1246 1170 habeatur,
1267 1122 1484 1174 causaeque
1510 1137 1653 1176 cogno-

285 1180 450 1222 scantur.
509 1181 549 1220 Si
576 1180 661 1230 quis
682 1178 772 1218 huic
797 1182 834 1220 S.
853 1180 898 1220 C.
926 1175 1195 1225 intercesserit,
1227 1177 1376 1219 senatui
1404 1181 1561 1231 placere
1587 1193 1652 1219 au-

285 1238 500 1277 &oritatem
522 1233 718 1286 perscribi,
737 1245 777 1273 et
797 1235 848 1275 de
869 1248 916 1274 ea
936 1248 979 1274 re
1000 1235 1048 1274 ad
1067 1234 1105 1275 S.
1123 1236 1163 1273 P.
1184 1236 1234 1284 Q.
1256 1235 1406 1275 referri.
1437 1237 1538 1276 Huic
1561 1235 1599 1275 S.
1612 1237 1653 1276 C.

284 1290 481 1348 interceffit
503 1292 547 1332 G.
568 1293 722 1337 Caelius,
753 1292 793 1331 C.
814 1290 935 1342 Panfh
959 1289 1120 1330 Tribuni
1137 1290 1269 1330 Plebis.

393 1352 576 1399 Itemque
602 1348 760 1388 Senatui
790 1347 965 1398 placere,
990 1346 1030 1384 in
1057 1347 1231 1386 Ciliciam
1258 1347 1519 1397 prouinciam,
1549 1347 1652 1386 etin

281 1406 366 1445 offilo
396 1406 562 1455 reliquas
591 1403 821 1454 prouincias,
848 1416 943 1453 quas
970 1403 1156 1442 Praetorii
1191 1416 1261 1454 pro
1291 1406 1474 1443 Praetore
1502 1404 1654 1454 optine-

281 1472 381 1509 rent,
405 1473 482 1506 eos,
506 1459 573 1510 qui
593 1468 791 1510 praetores
810 1458 983 1505 fuerunt,
1009 1469 1144 1509 neque
1169 1460 1210 1497 in
1238 1459 1438 1509 prouincia
1465 1471 1552 1497 cum
1585 1458 1653 1497 im-

279 1517 389 1569 perio
409 1516 582 1561 fuerunt,
606 1527 701 1564 quos
723 1526 860 1552 eorum
883 1526 933 1552 ex
953 1516 990 1554 S.
1013 1514 1059 1554 C.
1077 1527 1164 1553 cum
1184 1515 1349 1564 imperio
1369 1515 1409 1552 in
1431 1515 1651 1566 prouincias

279 1587 350 1624 pro
381 1575 565 1611 Praetore
595 1570 694 1609 mitti
721 1580 943 1621 oporteret,
975 1582 1042 1608 eos
1076 1568 1207 1609 sortito
1239 1570 1277 1607 in
1305 1570 1523 1620 prouincias
1547 1569 1650 1608 mitti

280 1630 446 1680 placere.
487 1627 526 1667 Si
545 1639 594 1664 ex
620 1638 668 1664 eo
689 1638 864 1671 numero,
893 1639 989 1676 quos
1010 1626 1020 1651 ³
1040 1627 1075 1665 8.
1099 1627 1143 1665 C.
1165 1625 1204 1663 in
1222 1625 1444 1665 Prouincias
1462 1625 1507 1663 iri
1537 1637 1647 1677 opor-

231 1693 239 1701 ·
279 1695 390 1731 teret,
410 1682 459 1723 ad
477 1692 686 1721 numerum
707 1694 786 1719 non
804 1679 939 1728 efl‘ent,
969 1683 1037 1731 qui
1053 1681 1093 1719 in
1114 1694 1176 1721 eas
1195 1681 1412 1732 prouincias
1434 1680 1648 1732 proficisce-

277 1750 431 1779 rentur:
470 1749 552 1777 tum
583 1738 633 1775 vti
663 1738 851 1788 quodque
876 1737 1098 1788 conlegium
1129 1737 1296 1788 primum
1317 1739 1545 1775 Praetorum
1561 1734 1652 1776 fuis-

278 1795 352 1843 set,
385 1807 519 1844 neque
549 1795 589 1831 in
616 1793 834 1844 prouincias
861 1792 1023 1844 profecli
1051 1790 1186 1839 efl'ent,
1220 1793 1271 1832 ita
1302 1790 1404 1830 sorte
1431 1794 1472 1831 in
1494 1791 1651 1843 prouin-

279 1853 352 1891 cias
376 1848 725 1903 proficiscerentur.
767 1847 792 1885 fi
820 1849 868 1887 ad
889 1860 1099 1887 numerum
1125 1848 1251 1886 iinon
1279 1846 1414 1893 effent,
1441 1859 1523 1886 tum
1543 1847 1651 1887 dein-

279 1921 370 1959 ceps
399 1906 562 1958 proximi
582 1902 768 1954 cuiusque
800 1904 978 1956 conlegii,
1010 1905 1076 1955 qui
1098 1915 1298 1955 praetores
1315 1902 1486 1951 suiss'ent,
1517 1915 1653 1954 neque

279 1963 317 2001 in
341 1962 560 2014 prouincias
581 1960 746 2011 profecti
766 1958 908 2005 efl'ent,
939 1960 980 1998 in
1004 1959 1144 1998 sortem
1168 1959 1453 2005 conicerentur,
1474 1960 1601 2010 quoad
1619 1959 1651 1998 is

280 2031 467 2057 numerus
497 2016 658 2056 effeetus
681 2014 786 2061 esset,
818 2028 938 2065 quem
954 2016 1003 2054 ad
1023 2028 1234 2054 numerum
1250 2015 1291 2052 in
1310 2015 1527 2066 prouincias
1547 2015 1648 2053 mitti

279 2081 490 2125 oporteret.
546 2072 585 2112 Si
613 2071 696 2122 quis
726 2071 815 2109 huic
834 2073 870 2110 S.
884 2073 928 2111 C.
960 2069 1234 2116 interceffiffer,
1265 2070 1465 2109 auum-itas
1491 2068 1650 2121 perscri-

278 2130 449 2169 beretur.
477 2128 575 2166 Huic
600 2128 635 2166 S.
649 2128 688 2167 C.
707 2125 896 2180 interceffit
918 2128 956 2167 C.
977 2127 1125 2176 Caelius,
1139 2127 1178 2166 C.
1190 2127 1268 2165 Pan
1288 2141 1313 2165 a
1334 2124 1498 2165 Tribuni
1512 2124 1647 2178 plebis.

271 2189 359 2226 Ant.
385 2187 478 2238 Aug.
493 2194 634 2236 P·220·
1704 2198 1707 2201 ·

385 2239 422 2278 S.
435 2241 475 2278 C.
496 2240 538 2278 de
556 2236 674 2290 mens}
695 2237 879 2293 Augusto:
919 2239 1017 2290 apud
1039 2236 1208 2277 Macrob.
1233 2236 1383 2276 Saturn.
1410 2235 1473 2276 lib.
1489 2248 1522 2277 1.
1541 2250 1568 2274 c.
1586 2248 1647 2289 13.
1690 2282 1693 2285 Ι

273 2299 409 2347 Quom
426 2297 522 2345 Imp.
545 2292 655 2334 Caes.
676 2293 873 2344 Augustus
901 2291 1037 2331 mense
1056 2293 1192 2332 Sextili
1219 2303 1261 2330 et
1281 2293 1448 2343 primum
1477 2290 1649 2332 consula-

276 2363 358 2390 tum
376 2350 516 2396 inierit,
548 2360 588 2388 et
609 2348 824 2399 triumphos
852 2349 943 2387 treis
972 2349 1013 2386 in
1033 2349 1168 2386 vrbem
1193 2349 1379 2394 intulerit,
1414 2358 1454 2386 et
1481 2360 1529 2385 ex
1549 2348 1646 2387 Iani-

274 2408 360 2446 culo
388 2406 566 2458 legiones
585 2404 776 2443 deductae
805 2401 1047 2454 sequtaeque
1067 2401 1139 2441 fint
1159 2405 1241 2443 eius
1261 2401 1426 2454 auspicia
1450 2417 1493 2442 ac
1510 2402 1643 2450 fidem,

273 2474 314 2502 et
332 2466 539 2514 Aegyptus
571 2460 645 2498 hoc
672 2457 807 2497 mense
834 2459 875 2496 in
902 2458 1132 2510 potestatem
1152 2462 1190 2498 P.
1214 2462 1254 2498 R.
1285 2460 1434 2498 redachl
1452 2458 1514 2505 fit,
1544 2458 1646 2498 finis-

274 2531 354 2568 que
378 2519 450 2555 hoc
471 2515 605 2555 mense
623 2515 759 2553 belleis
778 2514 953 2552 ciuilibus
972 2514 1167 2564 impolitus
1192 2513 1244 2560 fit,
1265 2525 1383 2564 atque
1405 2515 1453 2553 ob
1478 2527 1540 2554 eas
1560 2528 1644 2553 cau-

272 2572 327 2613 sas
347 2573 408 2611 hic
429 2569 575 2611 meniis
590 2570 679 2609 huic
698 2570 862 2621 imperio
882 2570 1114 2609 i'elicissimus
1134 2569 1178 2608 fit
1194 2584 1236 2610 ac
1255 2570 1386 2618 suerit,
1408 2570 1562 2622 placere
1587 2567 1643 2609 se-

272 2629 392 2677 natui,
411 2638 448 2667 vt
465 2626 605 2667 meniis
622 2625 820 2679 Augustus
838 2626 1073 2677 appelletur.
1238 2641 1239 2644 ¹

1521 2679 1641 2729 Quod
