1796 3120
290 88 431 143 2650*¹
456 89 648 129 NOTAE
676 88 754 128 AD
786 86 1058 127 CHRONOL.
1089 85 1612 149 GRAECO-ROMANAM

296 192 583 246 respondebat,
626 190 694 242 qui
725 203 850 230 annus
876 199 961 229 erat
993 189 1181 240 Epochae
1210 191 1439 230 Catonianae
1467 195 1562 245 246.
1619 194 1678 233 Ita
1701 210 1715 223 a

296 247 510 295 neceffario
540 247 848 298 intelligendum
878 243 956 284 efi'e
975 244 1207 297 Dionyfium
1239 258 1288 284 ex
1320 248 1392 287 illis
1421 248 1524 286 illius
1550 249 1678 288 verbis

295 303 494 346 discimus:
526 304 641 351 ἆςεςεῒ
656 304 694 341 δέ
721 300 781 348 qq.)
799 301 844 340 τοὶ
870 300 1075 349 Μαςοιξὶῶνηε
1115 298 1174 347 aq»)
1200 304 1259 344 τῆς
1293 302 1396 349 Βρέτις
1424 306 1549 353 ταφῆς,
1581 310 1610 341 εἶ
1628 301 1679 354 ᾔδη’

295 361 365 401 &mi
384 360 491 400 τέτιω
506 364 633 407 πρῶτον
652 358 793 406 ἤρξαντο
810 364 841 396 οἱ
865 354 990 396 ἔπαινοι
1011 358 1168 403 λέγέσθοιι
1189 362 1258 400 τοῖς
1276 363 1530 406 ἀπογενομένοις,
1567 360 1679 398 inuat-

296 424 375 457 δεκοι
395 415 509 455 ἔτεσιν.
530 418 572 454 L.
592 417 640 455 V.
662 429 698 466 p.
718 422 810 464 280.
838 414 996 455 Sedecim
1022 414 1116 452 anni
1134 422 1301 464 quatuor
1328 412 1415 453 sunt
1437 416 1679 469 Olympiades,

295 486 400 525 quae
421 472 589 524 proinde
616 470 796 510 desinent
822 470 864 508 in
894 483 1043 509 annum
1066 469 1177 508 illum
1194 469 1399 517 Iulianum,
1419 473 1486 521 qui
1512 486 1599 511 cum
1619 471 1677 511 Ol.

297 531 480 583 LXXII}
513 528 720 573 conuenit,
757 527 826 578 qui
847 540 973 566 annus
1010 535 1093 564 erat
1120 525 1261 577 proelii
1289 526 1540 566 Marathonii.
1598 527 1680 568 Sed

298 597 440 631 tamen,
463 594 501 622 vt
518 585 559 628 in
580 593 732 634 partem
753 582 847 622 anni
865 581 1105 634 posteriorem
1132 582 1274 633 Olymp.
1292 582 1447 622 LXXII.
1467 595 1503 635 3.
1535 583 1678 623 incide-

296 642 347 681 rit
366 640 562 692 proelium
588 637 714 690 ipsum
743 638 1052 679 Marathoniam.
1109 638 1189 679 Sed
1215 651 1334 678 annus
1363 638 1504 677 horum
1531 651 1679 690 tempo-

296 711 385 736 rum
403 695 649 736 Archonticus
667 692 865 745 Vtriusque
885 695 976 733 anni
997 693 1244 748 Olympiadici
1262 705 1415 744 partem
1441 695 1677 746 comple&e-

293 754 421 799 batur,
452 752 597 804 pariter
616 765 659 791 ac
675 764 790 791 annus
810 748 892 801 ipse
910 750 1086 790 Iulianus.
1145 750 1236 799 Qua
1254 747 1396 789 scilicet
1413 750 1537 790 inibat
1563 766 1583 790 a
1607 750 1680 790 Ga-

292 810 460 849 melione.
518 807 706 858 Superior
733 806 1067 855 autemMartius,
1096 807 1163 857 qui
1195 807 1430 853 Ianuarium,
1461 819 1539 857 quo
1565 807 1682 846 iniuit

293 866 449 912 Brutus,
480 865 658 916 proxime
688 863 918 914 excipiebat,
948 864 1101 914 partem
1132 863 1281 901 nullam
1304 862 1472 902 habebat
1495 863 1537 900 in
1564 876 1681 911 anno,

295 923 367 975 qui
395 923 500 961 XVI.
527 918 746 971 aDionysto
770 928 997 958 numeratur
1029 933 1050 957 a
1083 919 1203 958 caede
1225 919 1360 966 Bruti,
1390 919 1451 958 cui
1486 918 1681 960 vicioriam

296 979 461 1030 affignat
487 975 791 1022 Marathoniam,
828 975 895 1024 qui
923 990 944 1015 a
969 977 1095 1027 priori
1124 975 1189 1014 illo
1211 975 1362 1014 Martio
1396 987 1535 1013 reuera
1557 976 1679 1015 XVII.

298 1034 366 1074 est.
425 1031 511 1085 Ipso
538 1032 603 1070 isso
629 1031 703 1077 die,
724 1044 802 1082 quo
831 1031 973 1070 Brutus
1007 1031 1162 1077 cecidit,
1212 1030 1469 1082 triumphauit
1509 1031 1681 1071 Valerius

297 1089 515 1144 Poplicola:
555 1089 791 1135 Ἐθςιὰμβευσε
818 1091 848 1126 δ’
865 1088 922 1125 ἀπ’
941 1090 1050 1130 αὐτῆς
1078 1088 1276 1134 Οὐαλέριος,
1306 1092 1483 1129 εἰσελάσας
1509 1090 1680 1135 τεθρίππῳ

293 1151 427 1195 πρῶτος
477 1146 622 1182 ὑπάτων.
660 1143 853 1184 Plutarch.
892 1144 1075 1195 Popucol.
1104 1146 1260 1195 Nempe
1289 1143 1330 1181 in
1358 1143 1474 1182 Vrbis
1504 1140 1679 1184 ὲῖσελάσει.

297 1207 406 1244 Tum
425 1200 508 1254 post
527 1201 714 1240 laudatum
741 1198 920 1250 sequenti
948 1200 1012 1239 die
1042 1200 1234 1251 collegam
1264 1200 1376 1255 Leges
1416 1199 1504 1237 tulit
1528 1200 1679 1251 Populo

297 1269 486 1310 acceptas,
522 1258 663 1308 quibus
691 1268 840 1294 nornen
875 1255 1019 1295 meruit
1054 1256 1274 1309 Poplicolae.
1332 1258 1382 1295 Et
1408 1255 1570 1306 quidem
1595 1255 1680 1307 post

296 1318 424 1358 Mart.
445 1316 544 1354 XIX.
565 1313 777 1364 opportuni
806 1322 1016 1364 occurrunt
1036 1311 1094 1351 his
1116 1312 1287 1364 Legibus
1304 1311 1478 1351 ferendis
1508 1311 1588 1350 dies
1611 1313 1679 1352 Co-

295 1372 457 1414 mitiales
468 1371 557 1417 duo,
579 1373 658 1410 XX.
672 1379 711 1406 et
733 1370 834 1408 XXI.
856 1368 908 1407 vti
928 1368 1045 1407 etiam
1064 1366 1293 1407 sufficiendo
1313 1367 1480 1423 collegae.
1542 1371 1681 1421 Aegre

297 1439 431 1469 tamen
461 1428 537 1466 lata
567 1426 633 1464 illa
666 1422 746 1476 ipsa
774 1424 834 1462 vel
867 1423 988 1471 bidui,
1036 1424 1078 1463 in
1106 1423 1255 1479 collega.
1283 1421 1526 1473 sufficiendo,
1561 1438 1676 1464 mora.

295 1483 468 1525 Proinde
494 1482 640 1522 Martii
666 1483 768 1519 XXI.
788 1479 924 1520 Iulian.
961 1493 1032 1531 pro
1062 1481 1207 1519 calculo
1236 1482 1439 1527 Varronis,
1488 1480 1549 1520 vel
1579 1479 1678 1531 (pro

292 1540 469 1592 Dionysii
489 1538 632 1578 calculo
653 1537 882 1589 catoniano)
909 1537 1055 1589 Aprilis
1065 1536 1199 1576 Iulian.
1219 1539 1265 1576 V.
1285 1537 1436 1588 (veteris
1453 1548 1585 1576 autem
1606 1538 1676 1574 Lu-

293 1597 468 1650 narifque
494 1596 639 1636 Martii
679 1593 744 1631 die
768 1594 857 1645 IV.)
890 1592 1036 1631 ele5’tus
1063 1593 1150 1632 Cos.
1175 1591 1236 1645 Sp.
1261 1592 1462 1638 Lucretius,
1486 1594 1679 1631 Lucretiae

292 1664 417 1707 pater,
449 1662 487 1690 vt
508 1664 579 1689 nos
605 1650 719 1689 docet
736 1647 973 1689 Plutarchus.
1029 1651 1146 1687 Hune
1169 1650 1297 1702 paucis
1317 1648 1527 1690 admodum
1552 1647 1678 1689 diebus

294 1706 473 1755 tenuifse,
505 1706 611 1757 apud
631 1719 766 1744 omnes
802 1705 845 1743 in
881 1702 1054 1744 confefl'o
1090 1702 1154 1751 est,
1190 1715 1228 1742 vt
1256 1717 1309 1742 ne
1338 1704 1500 1754 quidem
1527 1717 1677 1744 nomen

291 1766 393 1805 illius
412 1765 452 1803 in
473 1759 704 1814 quibusdam
725 1759 839 1800 Fastis
866 1761 1137 1811 comparuerit,
1171 1759 1243 1800 hac
1272 1757 1354 1810 ipsa
1381 1760 1511 1799 breuis
1539 1773 1675 1800 morae

287 1820 414 1868 causa,
447 1831 484 1858 vt
506 1818 713 1859 arbitratur
732 1817 872 1856 Liuius.
926 1817 1082 1856 Martio
1104 1829 1200 1868 ergo
1218 1818 1340 1855 veteri
1357 1829 1439 1854 non
1462 1817 1675 1857 admodum

291 1878 420 1930 afficio
457 1874 640 1915 suffectus
673 1872 795 1912 fuerit
828 1873 870 1912 in
902 1873 1002 1911 illius
1036 1873 1167 1911 locum
1197 1873 1260 1912 M.
1287 1874 1468 1930 Horatius
1504 1873 1552 1912 ad
1580 1873 1676 1912 anni

283 1935 417 1988 finem,
445 1930 672 1982 sequentia,
702 1939 742 1967 vt
767 1940 875 1980 puto2
912 1929 1059 1969 Palilia.
1116 1931 1226 1967 Haec
1263 1928 1392 1967 omnia
1426 1928 1540 1967 huius
1580 1930 1675 1968 anni

291 1991 431 2033 Iuliani
453 1997 574 2034 erant,
602 1984 777 2036 quamuis
796 1985 845 2024 ad
863 1998 1016 2024 annum
1035 1985 1273 2036 Consularem
1293 1983 1560 2034 pertinuerilit
1579 1985 1674 2024 anni

289 2047 428 2089 Iuliani
461 2042 754 2095 praecedentis,
797 2054 966 2095 annoque
1001 2040 1100 2080 adeo
1127 2041 1365 2095 praecedenti
1388 2037 1673 2087 accenseantur,

287 2117 360 2157 pro
380 2112 491 2140 more
515 2096 807 2149 Chr-onologiae
828 2097 1029 2136 Romanae.

401 2155 523 2209 April.
543 2156 623 2193 XX.
646 2153 713 2204 qui
731 2156 794 2193 XI.
812 2154 898 2192 Kal.
916 2154 1049 2192 Maias
1067 2165 1138 2203 pro
1164 2166 1212 2191 eo
1225 2151 1464 2198 Kalmdario,
1486 2164 1564 2201 quo
1590 2150 1672 2192 dies

290 2224 404 2255 erant
423 2214 464 2250 in
481 2211 610 2263 Aprili
632 2209 903 2248 tantummodo
927 2211 1060 2249 XXIX.
1119 2207 1255 2247 Palilia
1279 2217 1401 2253 erant,
1434 2207 1534 2245 vnde
1553 2220 1673 2249 nouus

290 2270 431 2322 coepit,
445 2268 487 2307 ni
508 2267 631 2312 fallor,
647 2265 883 2316 Consulatus.
896 2268 968 2303 Pro
990 2263 1082 2304 anni
1106 2263 1292 2302 nimirum
1314 2261 1522 2312 superioris
1543 2275 1674 2304 exem-

291 2327 452 2377 plo‚quo
462 2324 632 2365 Ianuarii
650 2322 805 2360 initium
815 2320 1072 2373 quadrimestri
1082 2317 1370 2369 spati07tempus
1389 2317 1556 2356 ineundi
1575 2319 1673 2358 noui

294 2382 387 2419 anni
405 2379 626 2431 legitimum
655 2376 895 2428 praecedere
918 2374 1067 2414 censuit
1092 2373 1303 2424 Dionyfius.
1356 2379 1479 2412 Anno
1503 2375 1604 2425 Cycli
1622 2377 1670 2414 II.

296 2434 401 2480 idem
429 2434 482 2472 est
507 2447 595 2472 cum
622 2434 724 2474 Maii
749 2431 889 2470 Iuliani
919 2431 983 2469 die
1005 2432 1111 2471 VIII.
1140 2443 1210 2480 pro
1229 2439 1365 2468 mente
1384 2430 1574 2476 Varronis,
1605 2428 1672 2469 sed

299 2489 400 2538 Cycli
421 2502 521 2529 anno
539 2491 605 2528 IV.
618 2487 707 2540 (pro
726 2486 797 2524 fitu
811 2487 983 2541 Catonis)
1004 2485 1108 2525 Maii
1128 2484 1260 2524 Iulian.
1282 2488 1424 2525 XXIII.
1483 2486 1568 2525 Scio
1588 2488 1672 2536 qui-

297 2545 401 2590 dem,
413 2542 622 2593 saepiffime
642 2556 822 2583 mutatum
841 2540 921 2581 esse
941 2552 1095 2592 tempus
1111 2541 1265 2581 ineundi
1282 2539 1527 2580 Consulatus.
1586 2543 1672 2580 Nec

294 2599 426 2648 multis
446 2597 531 2652 post
549 2598 654 2640 hunc
673 2597 809 2652 ipsum,
838 2599 881 2639 in
899 2611 978 2651 quo
1002 2595 1209 2644 versamur,
1240 2609 1392 2638 annum
1412 2598 1533 2644 anuis,
1563 2596 1670 2690 vtstitl

1540 2665 1592 2692 uo
1626 2665 1671 2690 ro
