1796 3120
169 125 271 166 PRo
300 125 708 167 HYPOTHESIBVS
737 125 981 168 moNst
1010 125 1296 167 HAnCARN.
1352 135 1466 181 2725

87 230 199 271 alteri
221 231 317 277 loco,
351 243 431 282 quo
460 234 551 271 anni
575 241 837 271 numerantur
861 231 910 271 ab
935 229 1004 272 hoc
1034 243 1138 271 anno
1170 230 1219 271 ad
1243 228 1466 270 Hannibalis

87 286 306 327 aduentum
326 286 368 325 in
388 287 538 327 Italiam
549 299 665 341 prope
684 289 988 343 quinquaginta?
1025 287 1090 327 Ab
1122 286 1197 326 hoc
1223 300 1328 326 anno
1355 287 1466 325 enim

88 343 301 383 Catoniana
323 350 408 397 480
425 344 474 383 ad
495 357 643 384 annum
665 345 912 384 Catonianum
929 355 1022 397 534.
1043 342 1112 382 sub
1132 343 1239 382 cuius
1256 343 1350 382 anni
1371 341 1469 395 eqo?

87 398 289 439 Hannibal
307 399 348 437 in
366 398 513 439 Italiam
533 400 769 452 penetrauit,
792 400 887 439 anni
909 397 998 439 sunt
1016 402 1115 440 LIV.
1150 398 1230 439 Sed
1250 411 1342 438 vero
1362 399 1465 438 adeo

85 455 180 495 dura
197 454 252 493 est
269 453 495 507 fignificatio
520 456 635 494 huius
655 454 868 506 particulae
891 467 1009 509 prope
1026 469 1096 506 pro
1114 453 1269 507 exceffic,
1297 465 1334 493 vt
1350 467 1467 494 emen-

86 510 250 551 dandum
269 512 396 563 potius
414 511 545 551 locum
561 512 671 550 illum
691 510 799 549 Liuii
824 510 981 551 censeat
998 511 1189 565 Sigonius,
1221 523 1338 561 quam
1355 510 1469 563 expli·

86 567 265 607 candum:
290 569 344 606 Vt
360 579 508 620 nempe
525 580 596 619 pro
619 569 888 622 quinquaginta
909 578 1123 619 reponatur
1138 567 1367 622 sexagintas·
1394 565 1463 607 seu

85 624 215 675 potius
235 625 301 662 LX
318 637 390 675 pro
409 625 449 670 L,
467 636 579 663 antea
597 636 716 673 quam
733 636 862 662 notam
880 623 1126 662 numeralem
1143 623 1183 661 in
1203 635 1465 674 vocem‚quam

86 679 296 726 habemus,
337 689 590 730 peruerteret
610 677 816 718 Librarius.
874 680 1002 730 quue
1031 677 1123 719 sane
1146 678 1466 719 verisimillimum

87 734 154 774 est.
202 736 263 774 Sic
282 732 481 787 specimen
500 734 605 775 aliud
628 734 871 782 habebimus,
890 735 994 774 vnde
1015 734 1187 774 constare
1206 734 1329 787 point,
1345 747 1464 786 quam

86 801 265 831 accurate
283 791 452 830 rationes
471 789 624 831 nostrae
642 804 730 830 cum
751 804 843 831 vera
865 792 972 832 Liuii
988 789 1183 830 sententia
1205 789 1463 838 consentiant,

83 857 247 899 propter
262 847 536 898 interpolatam
563 847 668 887 illam
687 862 708 887 a
727 848 895 888 Varrone
925 847 1113 898 triplicem
1138 846 1394 895 Dfflamram,
1423 856 1464 884 vt

83 902 148 941 hic
164 902 309 942 biennio
328 901 474 954 deficiat
490 918 510 943 a
519 902 809 959 fiptuagenario
819 932 829 952 ‚
863 915 985 957 quem
1008 915 1113 944 anno
1131 916 1205 943 vno
1215 902 1373 957 superat
1392 902 1464 943 cal-

81 959 191 999 culus
213 959 484 1001 Varronianus.

193 1017 287 1068 265.
317 1016 381 1056 Ad
408 1016 516 1056 hunc
541 1013 661 1068 vsque
687 1031 836 1058 annum
855 1017 1064 1070 Historiam
1091 1016 1299 1068 pollicetur
1314 1015 1464 1065 Diony-

71 1069 177 1125 fius:
204 1073 610 1124 Καταβιβάζω,.ἱιῑ(]ι1ἰῐ,
639 1072 701 1118 ’triu
727 1074 875 1124 διήγησιν
900 1080 953 1114 ἐπὶ
980 1073 1042 1118 mir
1066 1072 1176 1120 ἀρχῆ-κ
1194 1076 1238 1111 τῦ
1254 1069 1371 1119 neuin
1389 1083 1464 1111 Φοι-

81 1131 188 1168 νικικέ
205 1135 344 1178 πολέμια,
375 1129 438 1173 τήν
465 1136 636 1177 γενομένην
661 1134 799 1177 ἐνιαυτῷ
830 1138 930 1179 τρίτῳ
957 1133 1020 1176 τῆς
1045 1127 1168 1176 ὀγδόης
1191 1127 1246 1172 καὶ
1263 1131 1391 1172 §incursic
1408 1132 1464 1166 ἐπὶ

81 1190 156 1228 ταῖς
187 1184 311 1223 ἕκατδν
338 1185 563 1231 Ὀλυμπιάσιν.
624 1186 784 1228 Photius
818 1188 868 1227 de
895 1187 999 1227 illius
1027 1184 1190 1237 Historia
1209 1186 1282 1226 ita:
1312 1185 1464 1234 Τελευτᾷ

81 1248 129 1285 εἷς
151 1240 214 1284 ‘uir
236 1239 267 1288 ς’
290 1240 346 1285 κου)
371 1241 415 1287 κη’
439 1242 655 1291 Ὀλυμπιάδα,
685 1241 764 1287 ἴτυς
788 1242 973 1289 ineunda-04
997 1244 1105 1286 αὐτῆς
1131 1249 1241 1290 rein-u·
1269 1241 1333 1288 ἀφ’
1350 1238 1390 1284 ἧς
1407 1238 1468 1285 καί

81 1307 177 1344 φησιν
214 1302 430 1346 &aliegat-*9041
467 1299 525 1337 τδν
563 1308 837 1344 Μεγαλοπολίτην
873 1298 1038 1347 Πολύβιον
1075 1300 1138 1341 τῆς
1173 1298 1324 1344 Ἰςοςίαᾳ
1370 1297 1469 1338 cod.-

79 1355 287 1393 LXXXIII.
345 1355 424 1395 Sed
453 1367 545 1394 vero
571 1355 751 1408 Dionysti
778 1356 896 1395 nostri
908 1356 1137 1407 sententiam
1165 1355 1314 1407 potius,
1341 1366 1462 1405 quam

78 1409 200 1456 verba,
233 1409 343 1449 dedit
361 1410 532 1451 Photius.
589 1413 689 1451 Nam
710 1413 964 1466 Olympiadem
992 1412 1163 1453 CXXIX.
1192 1423 1263 1462 pro
1281 1409 1378 1461 sicae
1398 1409 1466 1449 Hi-

80 1465 221 1505 storiae
250 1466 363 1506 initio
394 1466 522 1519 posuit
541 1467 737 1518 Polybius,
770 1481 848 1520 quo
878 1468 986 1508 desiit
1019 1469 1205 1508 Timaeus.
1262 1466 1325 1507 Sic
1351 1465 1463 1504 enim

79 1520 182 1575 ipse:
210 1520 467 1568 ’Ἕκ-θησόμεθα
494 1522 533 1562 δὲ
557 1523 682 1569 ταύτην
716 1525 826 1573 ἀρχήν
850 1527 912 1570 τῆς
938 1532 1056 1574 βίβλε,
1082 1525 1143 1566 ‘rxiv
1164 1520 1293 1569 xeo-<⁷³1⁹
1310 1527 1462 1569 διάβασιν

77 1583 116 1626 ἒξ
129 1579 454 1623 ἸταλίαςῬωμαίων.
474 1579 569 1623 Αὕτη
589 1581 672 1621 δ’ἐςὶ
693 1581 837 1628 συνεχῆς
856 1581 918 1628 μὲν
937 1586 1006 1624 τοῖς
1023 1581 1083 1627 ἀφ’
1096 1578 1139 1618 div
1150 1586 1285 1624 Τίμαιος
1303 1583 1461 1619 &neaem-

79 1637 194 1675 ΠίπΊει
224 1634 265 1674 δὲ
294 1635 385 1674 κατὰ
410 1636 471 1680 'esi-³
496 1641 624 1681 ἐννάτην
653 1638 708 1681 καὶ
732 1636 853 1679 sineru&
881 1637 963 1686 πςιδς
987 1643 1065 1680 ταῖς
1094 1636 1215 1674 inan-dv
1242 1638 1459 1679 Ὀλυμπιάδα.

79 1690 230 1731 Biennii
249 1690 456 1731 discrimen
481 1690 561 1731 effe
583 1694 746 1733 credidit
769 1693 972 1734 Glareanus
990 1695 1093 1732 inter
1123 1692 1273 1731 exitum
1288 1688 1463 1742 Dionyfii

80 1748 319 1798 initiumque
339 1748 501 1802 Polybii.
561 1750 652 1798 Qua
680 1762 829 1801 nempe
856 1751 1020 1789 calculus
1039 1748 1216 1800 procedit
1237 1747 1279 1786 in
1299 1747 1462 1798 Epocha

81 1802 157 1842 fixa
174 1803 442 1857 Olympiadum.
497 1806 577 1845 Sed
596 1819 676 1845 non
698 1805 752 1845 est
771 1819 900 1846 reuera
918 1816 1034 1851 tanta,
1048 1816 1193 1855 quanta
1212 1804 1375 1850 videtur,
1396 1803 1461 1842 illa

80 1858 351 1911 discrepantia.
409 1860 566 1912 Epocha
583 1861 732 1913 Polybii
748 1877 769 1901 a
790 1863 943 1902 traiec‘lo
970 1861 1072 1901 freto
1093 1859 1216 1899 Siculo
1241 1859 1459 1904 deducitur,
1493 1909 1497 1912 q

81 1914 279 1966 rebusque
307 1917 355 1956 ad
385 1916 590 1969 Meffiznam
616 1918 731 1971 gestis
756 1933 778 1957 a
794 1918 987 1972 sequentis
1014 1917 1107 1957 anni
1137 1913 1310 1956 Consule
1337 1916 1462 1967 Appio

82 1972 242 2013 Claudio
272 1973 438 2012 caudice.
512 1976 624 2013 Hanc
649 1975 715 2013 ille
746 1974 1054 2026 Expeditionem
1085 1972 1295 2024 Olympiadi
1324 1971 1460 2009 tribuit

82 2028 252 2069 CXXIX.
295 2041 396 2079 quae
421 2030 540 2069 medio
569 2030 621 2068 illi
648 2044 752 2070 anno
782 2031 928 2070 Iuliano
953 2028 1238 2075 conueniebat,
1268 2037 1461 2078 annoque

82 2083 281 2137 Confidari
309 2084 453 2136 offella.
519 2085 629 2126 Prior
659 2087 767 2125 enim
798 2087 893 2126 anni
921 2086 1058 2125 Iuliani
1088 2097 1173 2136 pam
1202 2083 1252 2123 ad
1280 2095 1460 2137 quartum

79 2138 275 2192 spectabat
298 2141 527 2193 Olympiadis
549 2143 747 2182 CXXVIII
768 2156 925 2190 aunum,
946 2141 1127 2180 videlicet
1146 2152 1345 2179 exeuntem.
1383 2139 1461 2178 Hie

80 2208 177 2247 ergo
199 2210 321 2236 annus
342 2198 559 2248 Consularis
579 2198 821 2251 Iulianusque‚
853 2212 931 2250 qua
951 2210 1039 2236 cum
1060 2195 1339 2247 olympiadibus
1360 2208 1459 2234 com·

79 2252 255 2298 mittitur,
289 2251 499 2305 respondet
511 2254 652 2306 Olymp.
669 2257 786 2309 ηεξ,
806 2265 843 2293 vt
860 2257 902 2294 in
918 2253 1049 2306 nostris
1067 2252 1320 2292 committitur
1340 2250 1479 2290 Tabu-·

79 2306 136 2346 lis.
190 2310 269 2348 Sed
288 2322 379 2348 vero
399 2309 576 2363 Dioryfii
587 2310 796 2349 methodus
816 2320 1011 2363 perpetua
1031 2308 1096 2355 est,
1117 2318 1155 2346 vt
1174 2308 1273 2348 illius
1293 2318 1460 2347 tantum-

78 2362 198 2402 modo
219 2365 312 2403 anni
332 2366 583 2418 Olympiadici
600 2368 791 2406 rationem
814 2366 968 2413 habeat,
997 2366 1037 2404 in
1060 2362 1124 2404 sua
1145 2363 1258 2405 Vrbis
1279 2363 1462 2405 conditae

81 2419 347 2472 chronologia,
374 2423 483 2461 cuius
497 2421 589 2474 finis
608 2422 868 2462 concurrebat
887 2435 975 2461 cum
995 2419 1188 2462 Palilibus.
1229 2423 1340 2460 Haec
1362 2419 1459 2458 ratio

80 2473 148 2521 est,
180 2488 247 2514 cur
268 2475 330 2515 hic
348 2491 474 2516 annus
493 2479 678 2518 Romanus
690 2479 921 2530 Olympiadis
936 2491 1041 2517 anno
1061 2477 1176 2516 tertio
1196 2475 1459 2529 defignandus

79 2529 212 2578 fuerit,
243 2544 469 2584 quanquam
497 2547 558 2574 res
576 2535 669 2575 anni
695 2535 815 2590 gestae
845 2535 894 2574 ad
945 2547 1095 2573 uartum
1123 2532 1251 2584 potius
1281 2529 1459 2571 eiusdem

82 2586 313 2639 Olympiadis
331 2602 480 2630 annum
501 2588 730 2641 spestarent,
761 2601 798 2629 vt
817 2592 892 2630 iam
938 2603 1032 2641 upra
1062 2589 1239 2628 vidimu...
1297 2587 1341 2627 Id
1362 2600 1460 2639 ergo

80 2643 374 2691 tantummodo,
408 2645 482 2686 hac
512 2645 654 2698 Olymp.
681 2652 771 2694 128.
791 2659 829 2700 3.
855 2657 947 2686 nota
973 2646 1129 2684 volebat
1150 2645 1361 2694 Dionyfius³
1390 2643 1463 2683 illis

79 2699 175 2750 Coffi
203 2698 373 2750 coepiffe
401 2702 554 2740 Bellum
586 2703 762 2741 Punicum
787 2705 817 2741 I.
840 2714 1009 2752 quorum
1032 2700 1246 2750 confidatur
1270 2700 1328 2739 Ol.
1354 2702 1463 2753 1283

80 2751 363 2806 respondebat,
401 2758 467 2807 qui
499 2771 625 2798 annus
654 2769 738 2798 erat
770 2768 865 2798 ante
890 2759 1004 2812 Appii
1028 2758 1178 2799 Claudii
1205 2753 1465 2817 ¹Consulatum

1337 2824 1467 2863 proxi-
