1796 3120
236 107 321 146 AD
360 104 891 146 CHRONOLOGIAM
925 105 1180 146 DIONYs.
1308 118 1417 161 2425

45 208 175 263 nostris
191 221 228 250 et
248 208 473 248 Graecorum
493 206 727 261 temporibus,
755 211 964 249 inuenimus
979 210 1173 261 incipiente
1194 209 1408 261 Olympiade
1418 216 1571 258 Polyhist.

34 267 192 321 septima
214 267 368 305 Romam
389 265 587 311 conditam,
613 278 710 303 anno
730 264 814 317 post
834 266 943 304 Ilium
962 278 1103 319 captum
1129 264 1452 320 quadringente-⁶·
1472 272 1505 297 ²·

35 322 130 376 fimo
158 321 342 376 trigesimo
373 323 497 361 terei0.
555 321 700 375 Quippe
728 333 909 361 certamen
932 321 1168 374 Olympicum,
1198 323 1294 374 quod
1317 322 1412 360 Her-

45 378 138 419 cules
156 381 195 417 in
212 378 383 417 honorem
401 380 507 417 ataui
525 379 683 417 materni
703 376 848 428 Pelopis
863 378 1037 426 ediderat,
1059 377 1293 429 intermissum
1313 376 1410 430 lphi-

47 447 104 474 tus
124 432 225 485 filius
246 436 321 472 eius
345 433 576 485 restamauit,
600 428 680 485 post
695 433 879 471 excidium
899 434 1029 473 Troiae
1047 448 1144 473 anno
1167 434 1414 489 quadringen-

45 491 167 544 tesimo
185 491 324 529 oc'lauo.
382 490 483 545 Ergo
502 488 547 528 ab
567 489 691 541 Iphito
707 501 924 527 numeratur
946 489 1134 542 Olympias
1159 492 1291 542 prima.
1337 490 1409 536 Ita,

32 549 110 599 fix
127 546 256 585 mediis
275 544 549 598 Olympiadibus
567 545 776 592 interiectis,
797 545 928 596 quibus
947 543 1109 600 fingulis
1131 549 1219 585 anni
1239 548 1412 598 quaterni

44 607 286 655 imputantur,
319 615 393 640 cum
404 601 563 654 septima
583 612 769 652 coeptante
792 600 909 639 Roma
931 604 1082 640 condita
1091 601 1155 652 stt,
1186 604 1286 645 inter
1302 616 1413 641 exor-

44 672 125 700 tum
138 658 248 698 Vrbis
260 673 294 697 et
310 659 463 697 Troiam
472 670 612 710 captam
629 659 710 694 iure
729 655 790 708 efffi’
803 656 1092 711 quadringentos
1105 672 1218 697 annos
1228 671 1263 696 et
1276 661 1410 712 trigin-

44 729 84 756 ta
105 728 180 754 tres
198 713 343 766 constat.
401 713 604 754 Conuenit
622 712 737 751 etiam
756 711 795 748 in
815 725 980 751 numero
1000 726 1191 752 annornm
1213 725 1306 766 433.
1331 721 1410 753 Au-

46 771 126 810 &or
151 769 437 809 commentitius
463 769 505 808 de
536 770 716 823 Progenie
740 767 906 822 Augusti,
957 766 1026 807 sub
1055 769 1216 807 nomine
1233 769 1410 820 Messalae

45 829 208 867 Coruini.
264 829 322 865 Ex
350 824 423 863 hoc
451 822 542 875 ipso,
574 835 610 861 vt
638 824 798 868 videtur,
830 824 948 862 Solini
973 824 1069 870 loco,
1101 837 1221 874 quem
1242 826 1409 876 proinde

46 885 164 922 talem
181 883 222 921 in
243 882 377 921 coaeuis
395 878 461 918 fibi
480 879 687 919 Codicibus
710 879 913 928 repererit,
944 880 1100 929 qualem
1126 893 1196 919 nos
1219 880 1409 932 descripfi-

43 953 139 978 mus.
197 935 361 977 Easdem
397 934 518 982 hasce,
549 949 641 985 quas
668 946 708 972 et
734 934 936 987 Dionyfi'us
966 933 1117 974 secutus
1149 935 1222 982 est,
1256 937 1409 976 Catonis

44 992 158 1036 fuisse
185 993 353 1032 rationes
379 990 626 1030 manifestum
657 989 721 1029 est.
778 991 841 1030 Ad
873 990 1045 1029 eundem
1075 991 1254 1030 referunt
1274 993 1408 1044 Olym-

43 1049 164 1102 piadis
181 1062 256 1089 vn.
280 1058 311 1089 1.
338 1046 442 1087 vrbis
469 1047 655 1086 Natalem.
713 1048 763 1085 Et
782 1059 805 1084 e
825 1046 974 1086 Graecis
993 1047 1236 1100 Romanisque
1261 1058 1409 1100 tempo—

43 1107 147 1145 ribus
167 1104 336 1142 inuicem
357 1103 499 1142 collatis
519 1102 637 1142 fidem
657 1101 803 1141 faciunt
821 1105 966 1154 pariter
983 1117 1025 1141 ac
1043 1103 1301 1157 Dionysiana&
1325 1107 1408 1143 Nee

43 1163 152 1200 enim
179 1162 342 1213 primum
366 1157 480 1198 fuiffe
505 1156 729 1210 Dionysium,
751 1158 818 1208 qui
850 1159 1098 1198 Romanorum
1119 1170 1294 1210 tempora
1321 1174 1409 1199 cum

44 1217 197 1257 Graecis
220 1215 435 1261 contulerit,
456 1215 586 1254 docuit
604 1216 643 1253 in
671 1214 997 1266 praecedentibus
1021 1213 1084 1266 ips
1095 1233 1102 1239 ’
1122 1216 1280 1256 Solmus.
1313 1219 1407 1255 Ver-

41 1274 92 1314 ba
113 1271 220 1312 sunt:
247 1272 389 1324 Nepoti
407 1285 442 1310 et
463 1271 613 1311 Lutatio
631 1273 834 1324 opinionem
852 1269 1105 1321 Eratosthenis
1134 1285 1169 1311 et
1185 1270 1408 1324 Apollodori

43 1327 372 1382 comprobantibus.
412 1329 598 1374 Deerant,
613 1327 653 1365 ni
671 1327 792 1373 fallor,
814 1327 1022 1366 vei-bailla:
1055 1327 1281 1380 Olympiadis
1287 1332 1406 1382 septi-

40 1401 118 1426 mae
135 1399 231 1423 anno
250 1387 373 1436 primo
405 1383 546 1436 Nepoti
574 1394 644 1421 etc.
702 1385 814 1421 Hanc
841 1384 949 1421 enim
972 1382 1221 1434 Eratosthenis
1251 1382 1405 1423 senten-

43 1443 134 1482 tiam
163 1438 276 1480 fuisse
298 1441 412 1480 docet
431 1437 641 1491 Dionyfius,
655 1447 694 1476 et
711 1439 828 1478 verba
851 1438 972 1478 Solini
989 1441 1071 1485 alia,
1084 1453 1186 1491 quae
1214 1441 1331 1480 modo
1349 1454 1407 1479 re-

42 1497 254 1543 enauimus,
284 1497 334 1536 de
369 1494 521 1537 Graecis
554 1494 768 1548 Latinisque
797 1494 1018 1548 temporibus
1052 1496 1223 1535 inuicem
1252 1498 1406 1538 collatis.

42 1555 192 1594 Catonis
211 1565 306 1605 ergo
332 1563 508 1604 tempora
530 1565 618 1602 curn
644 1550 793 1590 Graecis
824 1551 1076 1603 Eratosthenis
1093 1554 1313 1591 contulerat
1342 1568 1406 1592 an—

41 1621 82 1650 te
101 1609 320 1660 Dionysium
339 1609 472 1661 Nepos,
502 1618 543 1646 et
568 1607 699 1659 postea
720 1608 896 1646 Lutatius
924 1621 1011 1646 curn
1035 1607 1240 1648 chronicis
1259 1609 1406 1661 Apollo-

41 1666 214 1716 dori,qui
230 1663 503 1716 Eratosthenem
523 1663 702 1710 excoluit,
729 1661 755 1700 fi
777 1675 906 1703 tamen
937 1664 1030 1702 alius
1057 1663 1176 1702 fuerit
1202 1665 1268 1704 ille
1291 1667 1408 1705 Luta-

41 1725 114 1762 tius
132 1737 152 1761 a
172 1719 344 1761 Consule
361 1722 516 1761 Lutatio
528 1720 653 1760 Marii
672 1719 831 1772 collega,
855 1720 921 1770 qui
941 1722 1055 1758 etiam
1076 1719 1217 1771 scripsit
1234 1719 1288 1759 sui
1313 1732 1406 1760 tem-

41 1777 144 1831 poris
162 1775 357 1828 Historias.
397 1778 442 1816 Id
463 1775 491 1814 fi
508 1789 653 1822 verum,
675 1775 839 1827 Nepotis
861 1774 995 1826 scripta
1014 1776 1147 1814 videre
1165 1777 1292 1827 potuit
1313 1777 1405 1816 Dio-

39 1830 174 1883 nystm,
225 1833 292 1882 qui
316 1831 585 1883 Eratosthenem
620 1832 848 1878 contulerat,
891 1845 972 1870 non
999 1832 1094 1869 item
1114 1833 1317 1876 Lutatium,
1338 1835 1407 1884 qui

38 1889 316 1942 Apollodorum.
376 1889 637 1928 Conueniunt
674 1886 764 1925 huic
792 1888 1019 1927 Catonianae
1057 1888 1243 1938 Epochae
1290 1891 1405 1930 verba

39 1945 161 1986 Solini
191 1943 404 1994 sequentia,
437 1942 463 1981 fi
486 1954 615 1983 tamen
639 1942 865 1993 sententiam
896 1943 1071 1983 Au&oris
1101 1945 1239 1994 potius,
1288 1958 1406 1995 quam

39 1999 161 2045 verba,
187 2000 443 2040 attendamus.
503 1997 736 2040 Consulatus
757 1998 823 2038 ille
854 2000 894 2039 C.
915 2001 1077 2051 Pompeii
1096 1998 1194 2038 Galli
1213 2012 1252 2037 et
1269 2000 1318 2056 Q
1340 2003 1409 2040 Ve-

39 2058 168 2098 rannii
186 2057 345 2108 Nepotis
359 2057 451 2094 anni
473 2066 556 2094 erat
569 2055 799 2095 Varroniani
816 2063 906 2104 302.
926 2055 1091 2106 proinde
1104 2056 1299 2096 Catoniani
1315 2064 1406 2105 800.

38 2127 118 2152 non
142 2120 233 2162 801.
253 2122 291 2150 vt
307 2111 359 2150 ibi
377 2111 479 2150 male
500 2111 658 2163 legitur.
712 2112 782 2149 Illo
804 2124 907 2150 anno
931 2112 1072 2163 Olymp.
1089 2125 1214 2152 ccvn.
1238 2114 1406 2153 celebra·

39 2179 118 2209 tarn
138 2167 340 2207 ree'tiffime
368 2165 566 2207 testantur.
627 2166 797 2205 Proinde
828 2165 913 2205 finis
934 2166 1159 2220 Olympiadis
1178 2181 1287 2208 ccvi.
1315 2172 1351 2208 T
1355 2171 1406 2207 ol-

37 2226 167 2264 lantur
192 2237 262 2276 pro
289 2221 355 2262 sex
384 2223 680 2275 olympiadibus
708 2223 797 2261 anui
819 2235 883 2276 24.
906 2221 955 2261 fic
973 2231 1062 2272 800.
1080 2222 1180 2272 (non
1202 2230 1313 2279 801.)
1343 2240 1406 2264 an-

37 2293 179 2318 norum
214 2283 354 2332 primus
386 2279 427 2317 in
463 2293 612 2319 annum
645 2278 872 2330 Olympiadis
898 2291 979 2318 vn.
999 2292 1028 2318 1.
1061 2282 1291 2328 conueniet,
1335 2295 1406 2332 pro

37 2334 230 2375 sententia
247 2335 377 2375 Solini.
435 2338 543 2375 Haec
565 2346 695 2374 autem
714 2335 867 2379 obiteu.
884 2348 985 2385 quae
1005 2346 1133 2374 tamen
1155 2348 1202 2373 eo
1223 2334 1405 2388 speRant,

38 2400 77 2428 vt
96 2390 143 2429 ad
163 2391 360 2442 Epocham
377 2391 621 2430 Catonianam
650 2389 765 2429 hosce
784 2391 902 2430 Solini
932 2404 1129 2437 numeros,
1159 2389 1408 2432 sententiam-

38 2458 119 2495 que
142 2447 311 2499 Dionysii
330 2447 532 2498 pertinere
552 2448 816 2498 probaremus.
869 2450 992 2486 Fauet
1011 2458 1225 2499 praeterea,
1259 2459 1294 2486 vt
1315 2449 1404 2493 dixi,

35 2501 245 2551 Dionysius,
276 2501 367 2541 dum
386 2503 433 2542 ad
455 2515 487 2545 1.
506 2504 722 2545 Numitoris
743 2517 891 2543 aunum
912 2502 1015 2542 vrbis
1044 2503 1247 2542 exordium
1271 2505 1405 2549 refert,

36 2557 104 2607 qui
131 2568 213 2595 erat
240 2572 261 2596 a
278 2557 392 2597 Troia
410 2570 502 2611 433.
531 2573 611 2599 non
628 2564 761 2600 autem
785 2559 834 2599 ad
862 2559 1033 2598 vltimum
1053 2559 1201 2605 Amulii,
1235 2560 1299 2611 qui
1325 2569 1407 2598 erat

35 2624 176 2652 reuera
194 2614 460 2654 tantummodo
478 2627 572 2669 432.

1269 2672 1407 2719 Itaque

1373 2819 1388 2835 l
