1796 3120
312 106 426 151 2724
481 96 676 138 NOTAE
708 96 785 138 AD
817 94 1092 137 CHRONOL.
1123 95 1647 140 GRAECo-ROMANAM

314 202 364 243 ris
381 201 506 242 Idibus
524 215 674 242 annum
690 201 912 241 inchoabat.
962 201 1038 243 Ver
1055 212 1189 243 autem
1206 203 1323 243 rebus
1343 202 1496 245 militiae
1513 202 1703 257 gerendis

313 269 448 312 aptum
468 257 683 310 incipiebat
699 257 747 297 ab
763 257 900 309 Aprili.

425 321 519 367 278.
548 313 602 353 ταὶ
621 311 739 361 Κρόνια
759 310 1013 360 διεορτάσαντες
1037 314 1179 355 remiffi
1199 315 1247 355 ad
1268 315 1454 364 Pyrrhum
1473 314 1704 368 captiuiRo-

314 374 428 412 mani.
459 369 559 410 Μετὰ
576 374 688 408 ταῦτα
710 369 951 422 Consulatum
974 370 1173 422 capeffiuit
1186 370 1391 420 Fabricius,
1410 372 1539 423 inquit
1552 372 1703 411 Plutar-

313 428 412 467 chus.
469 429 556 466 Hoc
577 438 674 478 ergo
692 439 810 474 anno,
834 425 919 479 post
939 424 1147 478 superioris
1167 429 1260 468 anni
1282 428 1507 469 Saturnalia.
1542 428 1702 469 Prodito

312 495 447 527 autem
471 481 615 531 Pyrrhi
643 482 807 530 medico,
839 496 901 522 res
928 481 1071 521 horum
1098 483 1292 534 Consulum
1319 498 1409 524 cum
1436 484 1577 524 eodem
1601 484 1703 538 Rege

313 536 439 592 gestas
460 539 578 579 nullas
596 538 775 592 legimus,
797 538 947 590 quippe
963 538 1032 589 qui
1052 538 1190 578 mense
1208 540 1303 579 Iulio
1323 543 1366 581 in
1385 540 1548 581 Siciliam
1565 537 1702 585 disces—

312 593 416 640 serit,
446 606 724 646 praeterquam
758 595 800 633 in
828 594 1097 634 commentitio
1115 594 1319 637 Plutarcho
1340 597 1392 636 de
1415 595 1607 637 Parallelis
1635 598 1703 635 mi-

310 649 477 692 norihus.
513 650 614 690 Inde
633 649 735 703 (post
752 647 953 690 disceffum
975 663 1123 703 nempe
1146 653 1312 708 Pyrrhi)
1340 654 1380 692 in
1400 653 1579 700 Lucanos,
1590 651 1703 692 Brut-

310 709 387 749 :ios
416 717 455 747 et
476 705 658 746 Samnites
685 707 830 753 aclum,
862 706 913 745 de
941 706 1083 758 quibus
1112 707 1208 750 ldib.
1229 708 1419 749 Decembr.
1446 708 1703 760 triumphauit

311 762 520 809 fabricius,
541 762 680 814 Confid
696 763 834 810 adhuc,
854 764 1026 803 necdum
1045 763 1197 804 eiurato
1216 765 1458 819 Magistratu‚
1488 775 1526 804 Vt
1545 777 1616 805 nos
1636 764 1703 804 do-

308 830 402 860 cent
421 822 450 860 F
451 819 517 860 asti
536 819 754 871 Capitolini.
1286 858 1291 860 a

423 888 517 930 275.
549 876 622 915 Hic
643 888 770 916 annus
787 876 939 916 vltimus
962 876 1018 916 est
1035 876 1187 930 Pyrrhi,
1207 886 1284 918 tam
1301 877 1344 917 iu
1362 877 1502 924 Sicilia,
1521 888 1638 929 quam
1657 877 1700 915 in

309 932 437 975 Italia.
487 932 638 972 Eodem
660 932 766 972 enim
785 947 892 980 anno,
912 946 991 984 quo
1008 935 1050 974 in
1069 934 1222 974 Italiam
1242 934 1368 982 rediit,
1388 931 1517 988 pulfias
1533 933 1628 972 inde
1646 931 1704 971 est

310 986 554 1043 fugatusque
583 1004 604 1028 a
622 988 761 1029 Manio
779 990 896 1030 Curio
915 989 1100 1040 Dentato,
1128 990 1196 1041 qui
1225 988 1407 1041 sequenti
1426 990 1630 1031 Februario
1649 988 1701 1028 de

312 1059 362 1085 eo
385 1044 645 1097 triumphauit.
703 1047 792 1085 Huc
822 1047 1028 1097 pertinent
1047 1046 1276 1103 Fragmenta
1291 1045 1409 1086 nostri
1428 1045 1602 1098 Diony-sti
1619 1044 1702 1084 vlti-

309 1117 375 1142 ma
400 1100 600 1151 Valefiana.
644 1097 734 1141 ἐτει
753 1108 856 1149 τρίτῳ
882 1114 905 1140 e
927 1101 1050 1142 Sicilia
1074 1103 1117 1142 in
1142 1102 1295 1143 Italiam
1312 1103 1454 1144 rediit:
1479 1104 1637 1156 Appian.
1657 1100 1702 1140 in

310 1162 495 1210 Excerpt.
516 1157 858 1212 Porphyrogenneti
881 1158 1092 1211 Valefi'anis‚
1112 1173 1149 1211 p.
1164 1171 1257 1215 554.
1297 1159 1471 1200 Proinde
1491 1159 1566 1199 hoc
1581 1170 1702 1206 anno,

310 1215 381 1268 qui
401 1218 536 1256 tertius
554 1224 637 1254 erat
657 1230 678 1254 a
698 1213 898 1266 Confidam
920 1214 1085 1255 Fabricii
1101 1218 1147 1254 II.
1265 1250 1270 1253 ,

423 1284 517 1325 272.
548 1273 636 1311 Hoc
655 1284 761 1310 anno
784 1271 1053 1324 triumphatum
1072 1271 1124 1311 de
1145 1270 1382 1312 Samnitibus.
1419 1273 1477 1311 Eo
1496 1266 1700 1310 retulerim

307 1327 430 1368 verba
448 1329 674 1381 legatorum
684 1327 937 1367 Romanorum
947 1328 1052 1379 apud
1064 1328 1237 1367 Liuium:
1254 1329 1309 1367 Hi
1327 1327 1491 1367 homines
1510 1327 1579 1381 [de
1593 1326 1701 1366 Cam-

301 1388 416 1439 panis
440 1385 676 1435 loquuntur]
709 1395 875 1437 cumpro
894 1386 941 1424 iis
961 1383 1090 1424 bellum
1106 1384 1284 1434 aduersus
1303 1383 1486 1424 Samnites
1498 1394 1566 1436 per
1581 1395 1700 1422 annos

302 1452 422 1495 prope
460 1440 706 1494 fiptuaginta
744 1455 824 1480 cum
849 1443 994 1496 magnis
1023 1439 1158 1493 nostris
1183 1439 1349 1481 cladibus
1377 1438 1595 1496 geffiffimus,
1624 1448 1697 1477 etc.

308 1499 449 1540 XXXI.
463 1509 526 1550 31.
545 1496 659 1536 Inde
679 1495 833 1546 constat,
847 1497 899 1536 de
919 1497 985 1535 illo
1007 1495 1192 1536 aduersus
1203 1496 1386 1536 Samnites
1405 1497 1514 1536 Bello
1532 1495 1604 1548 agi,
1617 1505 1697 1545 quo

307 1554 583 1605 Campanorum
610 1553 772 1592 tutelam
806 1550 1095 1605 profitebantur
1123 1554 1294 1592 Romani.
1360 1555 1418 1593 Ita
1456 1550 1585 1591 secum
1612 1562 1699 1589 non

306 1609 508 1663 pugnabit
530 1608 669 1656 Liuius,
702 1610 796 1648 dum
813 1609 903 1648 alibi
924 1606 1100 1648 eiusdem
1120 1607 1444 1650 cumsamnitibus
1455 1607 1551 1648 Belli
1571 1617 1697 1647 annos

301 1678 374 1720 pro
393 1678 534 1706 centum
557 1662 742 1718 agnoscit.
777 1666 913 1704 XXIII.
933 1678 999 1717 42.
1058 1666 1122 1705 De
1152 1665 1260 1705 huius
1289 1675 1396 1704 certe
1415 1664 1508 1703 anni
1530 1663 1624 1702 Pace
1639 1661 1698 1700 in-

307 1721 520 1775 telligendi
537 1721 592 1760 ibi
605 1721 708 1772 apud
726 1722 836 1760 illum
852 1719 923 1772 ipfi
933 1722 1145 1761 Samnites:
1167 1720 1315 1771 Pyrrho
1326 1721 1421 1776 Regi
1439 1734 1506 1760 nos
1521 1719 1697 1759 adiunxi-

304 1791 412 1827 mus,
435 1792 458 1818 a
477 1791 547 1831 quo
567 1777 684 1817 relic'li
697 1790 820 1830 pacem
839 1775 1069 1829 neccffim'am
1086 1781 1295 1830 accepimus,
1295 1775 1512 1830 fuimusque
1524 1778 1564 1815 in
1582 1786 1698 1827 eaper-

304 1848 423 1875 annos
448 1846 562 1887 prope
583 1836 852 1889 quinquaginta
872 1834 923 1873 ad
936 1834 977 1873 id
993 1845 1142 1886 tempus.
1158 1847 1232 1889 quo
1252 1836 1293 1873 in
1307 1833 1460 1873 Italiam
1479 1831 1618 1882 venisti.
1632 1831 1695 1871 Sic

305 1891 363 1930 illi
381 1891 428 1930 ad
439 1889 693 1930 Hannibalem.
733 1891 807 1930 Hic
824 1899 932 1929 certe
943 1902 1063 1931 annus
1075 1889 1130 1929 est
1147 1905 1169 1929 a
1187 1889 1330 1940 Pyrrhi
1346 1903 1465 1929 morte
1482 1889 1693 1940 proximus,

305 1959 387 1998 quo
407 1946 513 1985 reete
533 1945 573 1985 se
591 1960 611 1985 a
631 1946 776 1998 Pyrrho
797 1944 1000 1985 destitutos
1022 1947 1136 1996 queri
1153 1956 1349 1997 poterant.
1369 1947 1452 1984 Nec
1471 1945 1578 1984 enim
1598 1953 1693 1983 ante

303 2016 462 2045 mortem
476 2003 576 2041 illius
585 2002 689 2054 spem
700 2002 832 2042 auxilii
851 2002 899 2041 ab
920 2014 968 2040 eo
989 1999 1067 2042 effe
1086 2000 1285 2046 sublatam,
1297 2000 1545 2041 manifestum
1567 1998 1621 2038 est
1642 2010 1693 2038 ex

305 2057 448 2109 Orosio,
469 2059 539 2109 qui
560 2058 609 2097 de
619 2060 845 2104 Tarentinis,
857 2057 943 2109 ipfis
963 2071 1125 2109 quoque
1136 2058 1253 2104 Italis,
1265 2056 1438 2096 {imiliter
1456 2055 1693 2101 obseruauit,

302 2115 374 2156 hos
386 2113 627 2166 itemPyrrhi
635 2126 762 2153 morte
780 2124 989 2165 comperta,
1002 2113 1076 2152 hoc
1094 2115 1236 2154 eodem
1247 2108 1694 2168 anno,aCarthaginienst·

304 2172 373 2211 bus
384 2172 525 2211 auxilia
538 2169 779 2221 quaefiuiffe.
798 2173 883 2210 Nec
903 2168 1062 2209 forfitan
1082 2168 1248 2210 absurde
1269 2167 1693 2215 obse1·uauerimus‚an-

302 2242 369 2269 nos
381 2228 445 2266 hic
464 2228 600 2266 aLiuio
612 2225 864 2278 agnoscimur»
869 2224 1193 2281 fiptuaginta‚sed
1198 2237 1313 2278 prope
1319 2224 1572 2278 fiptuaginta.
1586 2225 1694 2275 Qua·

302 2282 341 2330 fi,
368 2281 520 2331 scilicet,
546 2281 695 2322 deefl'et
712 2282 912 2333 quidpiam
928 2283 977 2322 ad
999 2294 1208 2320 numerum
1225 2281 1552 2335 fipmagenarium
1571 2277 1692 2319 absol-

303 2338 492 2378 vendum.
551 2340 648 2385 Hoc,
678 2337 705 2376 fi
728 2350 861 2376 verum
881 2336 946 2385 est,
979 2336 1132 2383 efficiet,
1162 2347 1201 2375 vt
1220 2336 1271 2375 de
1290 2336 1435 2375 calculo
1448 2337 1690 2376 Varroniano

301 2394 476 2447 intelligi
497 2407 579 2432 non
598 2393 724 2446 poffit.
781 2394 913 2446 Coepit
931 2393 1039 2431 enirn
1058 2393 1208 2434 Bellum
1218 2391 1456 2431 Samniticum
1474 2405 1580 2432 anno
1597 2393 1692 2431 Var-

302 2453 466 2492 roniano
494 2461 589 2503 411.
646 2448 747 2488 Inde
780 2449 829 2488 ad
861 2461 1011 2488 annum
1041 2448 1149 2487 hunc
1182 2449 1460 2488 Varronianum
1487 2454 1582 2502 482.
1614 2461 1689 2487 vno

303 2508 437 2559 plures
459 2507 780 2551 nume1·aba11t=.u-,
814 2517 932 2555 quam
950 2517 1048 2554 quos
1067 2502 1242 2556 agnoscit
1256 2505 1393 2544 Liuius.
1449 2506 1523 2543 Pro
1543 2503 1689 2543 calculo

305 2573 440 2602 autem
461 2563 680 2610 Catoniana,
711 2573 816 2599 anno
835 2572 929 2614 412.
949 2559 1056 2598 idem
1075 2562 1194 2613 coepit
1213 2560 1379 2599 Bellum.
1438 2561 1501 2600 Sic
1521 2560 1594 2599 duo
1612 2560 1690 2598 dee-

304 2631 400 2658 runt
421 2618 470 2658 ad
495 2617 603 2656 hunc
632 2629 782 2657 annum
803 2616 1048 2657 Catonianum
1076 2621 1170 2670 480.
1204 2616 1311 2667 quod
1338 2615 1491 2654 videtur
1517 2616 1688 2653 innuere
1743 2604 1761 2638 s

307 2675 457 2714 Liuius.
515 2672 662 2723 Estque
689 2672 754 2711 illa
781 2670 872 2711 sane
896 2670 1078 2711 facillima
1105 2672 1204 2711 vocis
1225 2682 1343 2726 prope
1369 2669 1616 2723 significatio,
1649 2680 1689 2707 vt

306 2730 486 2784 deficiam
513 2730 662 2782 potius,
691 2741 809 2780 quam
838 2726 1023 2780 excefficm,
1051 2727 1209 2769 indicet.
1265 2727 1346 2770 Sed
1373 2727 1469 2778 quid
1501 2726 1688 2822 facielmus·

1576 2797 1597 2823 a
1616 2791 1688 2821 tei-1

1766 2959 1774 2964 ι

1790 3009 1795 3062 ,ΗΑ
1790 2980 1792 2996 -
1790 2937 1792 2965 nv
1785 2751 1793 2927 ⁷**†⁴‚2.—
