1796 3120
328 144 441 197 2446
755 141 1289 182 APPARATVS

332 245 487 299 Eclipfts
513 245 739 284 certioribus
767 244 966 282 iuniorum
986 243 1259 294 Historicorum
1284 244 1333 284 de
1350 244 1461 286 Fano
1479 245 1706 286 testimoniis

335 302 633 343 anteferendae.
691 301 836 340 Saltem
865 297 934 337 nisi
960 299 1057 338 illud
1085 310 1289 350 praeterea
1307 301 1483 341 testatum
1507 299 1645 348 fuisset,
1665 302 1707 341 in

324 360 457 408 sereno
495 357 609 395 etiam
640 370 722 394 aere
759 353 891 402 fuisse,
932 367 1034 406 quae
1069 365 1266 402 narratur,
1304 360 1401 397 aeris
1437 357 1706 409 obscuritatem.

338 415 466 454 Aliter
501 412 551 450 de
592 411 723 461 Fclt'pfi'
741 409 836 450 fides
855 412 972 462 plane
992 411 1110 449 nulla.

206 480 306 515 §.212
449 469 560 507 Talia
580 479 756 505 veterum
777 465 993 506 testimonia
1011 464 1090 505 esse
1116 476 1283 517 oportet,
1297 476 1335 504 vt
1357 467 1407 507 de
1419 468 1526 508 Fac'lo
1547 468 1706 516 constet,

180 524 268 556 ΒΗ·
340 536 491 564 veraene
519 523 679 569 fuerint,
711 534 813 573 quae
841 521 1037 569 feruntur,
1065 520 1236 574 Eclipfis.
1294 524 1355 561 Ne
1380 537 1542 562 veterum
1569 525 1707 564 iudicio

176 566 302 642 Pfism’l
324 581 394 633 *de
414 577 605 630 Eclipfi'um
632 589 769 617 natura
796 576 1091 628 acquiescamus,
1122 577 1250 617 adhuc
1275 578 1462 618 cautiores
1485 577 1562 618 effe
1590 581 1709 620 debe-

179 611 442 690 ἷὶῑφιξάζληιιε.
482 634 607 674 Etiam
631 647 718 672 cum
738 634 787 672 de
808 634 917 672 coelo
935 633 1113 680 tenebras,
1139 633 1180 671 in
1200 648 1283 672 aere
1298 634 1442 684 alioqui
1457 635 1597 685 strena,
1617 636 1708 675 oriri

183 700 284 734 arina
345 691 564 736 crederent,
595 689 723 729 adhuc
744 689 843 728 aliae
864 700 986 735 erant,
1017 689 1156 740 quibus
1184 698 1365 734 φαινομένῳ
1384 691 1438 729 illi
1458 701 1710 730 occurrerent

182 754 298 786 parum
343 746 523 791 rationes,
556 757 593 784 vt
611 759 634 783 e
652 745 854 785 Plutarcho
874 745 1025 783 constat.
1082 749 1220 796 Aegre
1247 746 1407 786 tandem
1434 747 1615 793 obtinuit,
1644 747 1710 786 de-

182 789 423 841 ‘'‘939‘23‘beri
447 814 582 839 omnes
602 801 828 852 corporibus
837 801 947 853 solis,
964 801 1069 840 lunae
1091 811 1130 838 et
1153 813 1283 848 terrae,
1304 803 1344 840 in
1364 815 1478 840 vnam
1501 803 1632 842 lineam
1651 796 1710 841 ec·

182 842 596 910 ἱῖιῖ-,ῃῖἑῗευιϊεηῑίἱηις,
626 870 701 895 nec
726 866 841 903 certe,
873 867 910 895 vt
928 870 978 895 ex
997 856 1140 896 eodem
1160 857 1364 909 colligitur,
1395 867 1486 896 ante
1515 857 1710 898 saeculum

181 926 325 964 loponne-
340 913 521 952 Metonis.
580 911 730 952 Frustra
754 923 895 959 tamen,
930 924 1044 952 antea
1064 924 1182 962 quam
1200 912 1241 950 in
1262 925 1309 951 eo
1329 914 1619 961 conueniretur,
1657 913 1710 952 de

174 966 276 1008 fiaci:
331 969 426 1020 solis
451 969 628 1021 lunaeque
655 968 825 1007 motibus
852 968 1004 1007 futuros
1034 967 1180 1007 constat
1201 968 1361 1008 calculos
1382 983 1518 1007 omnes
1539 969 1712 1020 Astrono-

181 1013 290 1065 Luna-
344 1027 468 1064 micos.
524 1026 631 1063 Tum
659 1036 819 1074 quoque
847 1023 921 1062 hoc
945 1021 1119 1063 assecutis
1145 1024 1265 1064 multa
1293 1023 1423 1063 adhuc
1454 1024 1619 1064 deerant
1646 1037 1712 1064 ne·

180 1065 334 1133 {gffves‘
350 1077 505 1119 ceffaria
523 1080 568 1118 ad
589 1092 673 1118 eam
695 1079 884 1131 peritiam,
899 1092 1001 1130 quae
1018 1077 1213 1132 Eclipstbus
1238 1077 1432 1118 sufficeret
1452 1080 1714 1132 praedicendis.

182 1156 248 1189 que
276 1145 317 1176 ad
348 1138 393 1174 In
416 1145 524 1174 motu
547 1134 671 1185 solari
695 1135 870 1174 nondum
901 1136 1099 1186 explorata
1128 1136 1279 1175 Zodiaci
1307 1135 1588 1184 Eccentricitas,
1619 1150 1714 1175 non-

182 1191 261 1241 belli
351 1191 443 1230 dum
467 1190 664 1246 fignorum
692 1191 730 1229 in
752 1189 912 1230 Zodiaco
941 1193 1166 1242 anticipatiO,
1198 1191 1375 1230 nondum
1400 1192 1458 1231 vel
1484 1195 1715 1246 principium

182 1235 330 1267 ‘¹¹¹¹‘de
349 1245 600 1285 constitutum
635 1248 675 1286 in
700 1249 835 1293 Ariete,
867 1247 968 1285 vnde
998 1246 1262 1297 procederent
1293 1244 1584 1299 supputationes
1619 1258 1714 1288 ante

173 1279 286 1321 finem.
348 1302 599 1353 Cleostratam.
656 1306 705 1342 Et
725 1304 836 1353 plura
853 1301 981 1342 adhuc
996 1304 1036 1341 in
1056 1302 1224 1341 motibus
1242 1301 1354 1349 lunae,
1374 1303 1440 1353 qui
1466 1305 1596 1354 plures
1616 1315 1713 1354 prae

347 1356 388 1397 se
405 1358 558 1398 ferrent
568 1357 794 1405 Anomalias,
806 1368 846 1397 et
862 1357 1028 1410 proinde
1047 1358 1233 1397 tardiores
1249 1356 1469 1410 progrefl'us
1490 1359 1712 1412 exigerent,

297 1461 303 1468 υ
348 1424 386 1452 rt
402 1413 563 1453 tandem
583 1425 758 1454 accurate
779 1414 1073 1465 expedirentur.
1114 1416 1253 1464 Itaque
1269 1414 1460 1468 Eclipsz‘um
1478 1415 1713 1466 imperitiam

185 1468 226 1502 ¹5¹
252 1460 383 1535 mvsin
402 1467 605 1520 Stefi'choro
622 1481 662 1509 et
689 1470 855 1509 Pindaro
877 1468 1098 1508 Obseruauit
1116 1473 1144 1499 5¹
1166 1470 1323 1509 Plinius.
1382 1473 1432 1510 Et
1451 1471 1613 1520 quidem
1631 1473 1713 1522 pri·

182 1504 306 1585 {Ji-HJ
327 1527 421 1564 'mos
446 1523 560 1565 fuiss'e
579 1527 854 1580 Pythagoraeos
882 1525 995 1563 docet
1017 1524 1198 1571 Geminus,
1229 1527 1297 1575 qui
1322 1525 1373 1564 de
1405 1527 1572 1565 motibus
1594 1527 1712 1566 Coele-

330 1581 451 1635 stibus
480 1580 717 1632 hypotheses
750 1581 1006 1632 excogitarint
1031 1580 1079 1630 (c.
1105 1593 1135 1621 1.
1167 1586 1271 1634 p.3.)
1317 1582 1456 1621 Nullae
1475 1595 1571 1634 ergo
1597 1591 1711 1621 erant

341 1636 616 1692 Pythagoraeis
642 1637 893 1687 antiquiores.
950 1637 1029 1676 Sed
1049 1635 1231 1689 solarium
1248 1636 1445 1689 Eclipfium
1474 1636 1709 1677 obseruatio·

340 1706 412 1732 nes
441 1693 683 1743 antiquiores
723 1703 845 1739 erant,
882 1704 998 1742 quam
1034 1692 1228 1732 lunarium.
1286 1696 1336 1732 Et
1357 1693 1542 1744 filarium
1577 1703 1710 1732 tamen

339 1748 537 1801 Eclt'pfium
578 1759 755 1787 naturam
791 1761 929 1799 parum
963 1759 1201 1799 compertam
1241 1748 1440 1788 habebant
1474 1748 1655 1788 Athenien
1675 1765 1712 1790 es

340 1805 452 1843 initio
467 1804 557 1843 belli
571 1803 868 1859 Peloponncfiaci.
880 1804 1089 1843 Indeinter
1093 1814 1268 1856 portenta
1288 1803 1379 1843 belli
1397 1805 1586 1844 malorum
1604 1818 1712 1855 prae-

342 1861 483 1900 nuncia
482 1859 772 1913 frequentiores,
790 1870 826 1898 vt
837 1857 1084 1906 existimabat,
1099 1860 1206 1899 solito
1217 1859 1370 1913 Eclipfis
1381 1858 1559 1899 accenset
1574 1860 1714 1913 Thucy-

340 1917 453 1956 dides.
473 1918 625 1967 Nempe
647 1917 735 1966 quia
756 1927 837 1954 tum
853 1913 1132 1967 coepto'Cyclo
1141 1917 1339 1962 Metonico,
1357 1916 1584 1954 attentiores
1601 1927 1713 1956 erant

339 1969 537 2026 Eclipfibus
549 1970 797 2011 obseruandis
816 1970 881 2023 ipfi
890 1971 1135 2023 Athenienses,
1150 1981 1188 2009 vt
1200 1973 1301 2022 Cycli
1312 1970 1377 2017 sui,
1391 1972 1457 2022 qui
1477 1971 1621 2022 primus
1633 1973 1714 2012 No·

340 2030 482 2068 vilum‘a
503 2029 642 2068 Ciuilla
659 2029 835 2079 proxima
864 2027 1067 2078 coelestibus
1086 2026 1279 2067 induxiffe
1302 2039 1396 2078 prae
1417 2025 1456 2065 se
1474 2026 1638 2073 ferebat,
1656 2031 1710 2066 vi-

340 2088 395 2124 tia
417 2083 781 2135 deprehenderent.
844 2086 892 2123 Et
913 2081 1003 2122 sane
1024 2083 1193 2136 Eclipfi’5‚
1212 2095 1314 2133 quae
1332 2082 1464 2132 sereno
1482 2096 1562 2120 aere
1581 2080 1709 2121 obser·

344 2140 421 2180 vari
448 2149 646 2190 poterant,
678 2137 899 2179 Obseruauit
933 2138 1177 2188 Thucydides,
1215 2151 1289 2176 nec
1317 2137 1451 2176 multas
1478 2147 1607 2176 tamen
1635 2151 1708 2188 pro

327 2195 462 2248 spatio
483 2205 559 2234 tam
578 2195 732 2233 diutino.
787 2195 886 2233 Inde
905 2194 1168 2246 intelligimus,
1190 2206 1307 2244 quam
1333 2206 1430 2232 noua
1451 2189 1546 2230 efi'et
1574 2205 1709 2234 earum

342 2248 573 2296 obseruatio,
604 2263 690 2288 cum
715 2250 860 2302 dignae
880 2249 1146 2288 monumentis
1168 2249 1325 2301 publicis
1349 2248 1585 2296 viderentur,
1615 2261 1708 2299 quo-

346 2306 417 2344 ties
436 2302 694 2351 occurrissent,
725 2306 830 2354 quod
850 2318 958 2344 antea
978 2302 1227 2343 obseruatum
1254 2316 1334 2342 non
1352 2303 1529 2354 legimus.
1584 2305 1710 2344 Certe

345 2373 435 2400 cum
455 2359 679 2413 Epidaurios
698 2361 1005 2410 depraedaretur
1021 2360 1184 2405 Pericles,
1203 2357 1341 2410 Eclipfi
1348 2360 1473 2409 solari
1492 2356 1565 2398 visa
1588 2372 1708 2399 nemo

344 2426 429 2455 erat
450 2416 491 2454 in
509 2416 708 2454 doum-um
726 2415 993 2466 Athenienfi‘um
1011 2413 1121 2453 clafl'e
1140 2416 1233 2465 quin
1256 2425 1483 2460 terreretur,
1516 2415 1626 2453 vnico
1647 2428 1711 2454 ex·

345 2481 459 2522 cepto
479 2471 627 2517 Pericle,
659 2471 725 2521 qui
744 2469 891 2509 causam
920 2472 1002 2509 eius
1033 2471 1220 2510 didicerat
1242 2485 1262 2510 a
1281 2472 1540 2521 praeceptore
1561 2473 1711 2510 Anaxa-

343 2541 452 2582 gora.
507 2527 686 2579 Contigit
707 2527 768 2565 illa
787 2540 889 2565 anno
913 2526 1004 2565 belli
1036 2526 1324 2577 Peloponnefi'aci
1341 2539 1378 2567 2.
1399 2528 1481 2564 Per.
1504 2525 1569 2563 Iul.
1585 2534 1707 2580 4284.

188 2584 230 2618 52
249 2577 316 2608 An·
349 2596 418 2634 pro
438 2581 566 2620 nostro
585 2584 620 2612 5²
639 2581 795 2620 calculo.
852 2584 902 2620 Et
919 2580 1008 2620 sane
1033 2582 1177 2621 idiotice
1205 2582 1420 2631 loquuntur
1448 2582 1496 2620 de
1514 2580 1710 2633 Ecltpltbur
1769 2631 1773 2637 ἱ

185 2621 303 2654 1131.Ίῆ

183 2669 253 2706 ,Μ’
305 2634 549 2691 ¹¹'script0res
574 2638 675 2677 illius
703 2635 844 2676 saeculi
870 2637 1064 2697 plerique.
1118 2639 1182 2676 Ne
1209 2637 1370 2688 quidem
1388 2636 1620 2676 Herodotum
1646 2649 1710 2675 ex„

1605 2691 1708 2744 cipio
