1796 3120
176 95 278 135 PRO
308 95 709 139 HYPOTHESIBVS
751 95 991 137 DIONYSII
1024 96 1314 136 HALICARN.
1369 106 1477 152 2721

96 199 196 238 Inde
213 198 367 247 constat,
379 214 478 240 nouo
501 201 576 240 hoc
592 199 796 253 Posthumii
818 197 1052 248 Consulatu,
1084 211 1124 241 et
1151 200 1313 252 quidem
1339 199 1478 252 affic'lo,

94 255 248 295 Romam
273 255 421 296 venifl‘e
441 255 614 305 Fabium,
645 268 765 309 atque
799 256 1046 310 tritaemphaffe.
1102 259 1159 297 Ita
1185 269 1273 298 ante
1298 254 1476 296 mensem

92 310 267 352 Sextilem
285 310 440 352 necesse
459 314 532 353 erit
548 311 702 352 iniuiffe
721 313 991 364 Posthumium‚
1019 313 1086 364 qui
1114 313 1172 353 bis
1198 313 1304 352 mille
1333 312 1477 354 militen

91 367 135 406 in
162 368 261 420 agris
290 366 365 408 suis
384 377 484 416 μέχρι
510 372 620 409 oram?
645 369 878 416 exercuerit,
909 381 1003 409 ante
1026 368 1148 417 ἔξοδον.
1219 369 1282 410 Sic
1299 368 1406 407 enim
1423 368 1476 406 lo⁴

91 423 227 474 quitur
246 437 270 463 e
286 424 466 477 Dionysto
488 424 619 464 nostro
640 423 847 476 Valqfi'anus
864 424 1254 481 Porphyrogennetus.
1302 424 1474 464 Proinde

89 480 156 519 diu
174 490 266 519 ante
292 479 472 521 mensem
489 480 665 521 Sextilem
687 482 765 520 iam
791 481 922 520 fuerat
945 481 986 519 in
1005 481 1209 533 Consulatu
1230 479 1472 532 Poflhumius.

90 536 198 582 Satis,
229 550 300 588 pro
328 536 464 577 nostris
492 537 725 583 rationibus,
756 546 952 584 accurate,
984 537 1052 588 qui
1069 538 1117 577 ab
1134 537 1264 577 Idibus
1281 535 1475 589 Aprilibus

86 592 199 632 illum
220 591 405 645 confidem
424 591 538 632 fuifi'e
562 591 776 631 censemus.
831 593 1094 632 conueniunt
1121 606 1237 645 porro
1268 590 1351 631 satis
1374 605 1474 631 com-

86 649 208 687 mode
234 646 486 700 sequentium
516 648 666 698 aliqu'ot
693 661 890 688 annorum
919 647 1124 700 Triumphi.
1181 647 1271 700 Ipsis
1291 648 1471 688 Kalendis

85 702 281 757 Aprilibus
306 705 560 755 triumphauit
589 705 667 744 Cos.
686 704 780 743 anni
802 704 1004 758 Capitolini
1021 717 1115 759 472.
1146 705 1212 754 qui
1234 705 1469 745 Catonianus

87 771 171 800 erat
190 772 284 814 471.
340 760 440 800 Inde
459 759 707 800 manifestum
725 759 791 808 est,
806 773 955 801 annum
972 762 1073 800 illius
1095 760 1314 812 legitimum
1333 758 1470 811 hucus—

85 828 167 868 que
192 814 405 869 pertigisse.
461 817 545 857 cos.
574 815 728 855 viciffim
758 816 850 855 anni
876 815 1077 870 Capitolini
1105 827 1197 871 472.
1235 815 1467 870 triumphum

87 871 173 925 egit
203 886 308 912 anno
333 886 408 912 non
435 869 521 918 suo,
559 872 770 925 Capitolino
801 873 988 912 nimirum
1011 885 1106 926 473.
1137 872 1347 912 Catoniana
1369 884 1486 926 472.*

85 938 168 967 turn
186 941 258 968 non
280 926 438 975 Consul,
467 926 533 967 sed
553 928 765 981 Proconsul,
791 931 856 969 VI.
886 929 945 969 Id.
965 928 1165 984 Qintiles.
1224 930 1326 968 Hinc
1346 930 1466 968 etiam

83 996 134 1023 ex
153 985 272 1024 altera
291 995 402 1036 parte
421 983 617 1031 constabit,
647 998 734 1025 ante
750 985 949 1025 Kalendas
966 984 1100 1025 saltem
1116 984 1331 1039 Qinc‘iiles,
1343 983 1465 1023 finem

83 1037 198 1080 fuiffe
214 1042 306 1080 anui
329 1040 537 1094 Capitolini
554 1053 648 1094 472.
668 1054 746 1093 qua
767 1041 928 1092 quidem
946 1054 996 1081 ex
1016 1044 1148 1082 annuis
1171 1038 1350 1080 censetur
1370 1040 1462 1080 Con·

67 1095 233 1147 fidibus.
288 1098 347 1136 Ita
363 1095 516 1144 scilieet,
547 1095 575 1135 fi
593 1095 771 1148 eousque
791 1097 839 1136 ab
858 1098 943 1144 hoc,
971 1097 1012 1137 in
1035 1110 1114 1148 quo
1135 1095 1339 1144 versamur,
1353 1109 1459 1136 anno

80 1153 153 1193 alia
171 1152 279 1192 nulia
298 1151 419 1192 fuerit
437 1153 586 1192 exordii
606 1153 823 1206 Consularis
843 1154 1062 1193 innouatio.

193 1211 280 1248 Hoc
299 1223 417 1260 porro
440 1223 557 1256 anno,
589 1210 658 1260 qui
678 1210 829 1250 Curium
853 1210 1042 1260 Confiilem
1064 1208 1286 1261 praecessit,
1314 1207 1458 1247 Samni-

78 1267 145 1305 tici
161 1264 260 1304 Beni
280 1278 428 1305 anuum
447 1268 564 1306 XLIX
585 1264 770 1318 supputat
791 1264 954 1316 Orofius.
1017 1266 1081 1306 Ab
1101 1278 1206 1304 anno
1227 1263 1370 1304 scilicet
1388 1265 1457 1304 Ca·

76 1323 228 1363 tuniano
246 1332 340 1373 412.
358 1334 429 1373 pro
457 1321 630 1361 numeris
657 1322 811 1374 nostris,
838 1323 886 1362 ad
913 1334 1062 1362 annum
1086 1318 1266 1360 eiusdem
1283 1318 1456 1373 Epochae

75 1379 160 1431 416
181 1377 419 1416 examuffnn.
487 1378 692 1418 Conuenit
715 1388 1029 1430 praeterea·cum
1053 1390 1149 1417 anno
1171 1376 1345 1416 eiusdem
1362 1375 1457 1416 Belli

73 1435 208 1474 XLVI.
228 1433 335 1472 cuius
365 1433 545 1472 meminit
568 1432 652 1485 ipse
673 1435 818 1475 Liuius.
875 1433 1026 1474 Reffius
1055 1432 1227 1480 omnino,
1247 1445 1363 1483 quam
1382 1433 1453 1471 Eu-

73 1492 230 1543 tropius,
259 1489 327 1540 qui
357 1490 531 1529 eundem
549 1489 642 1531 Belli
659 1489 854 1531 Samnitici
881 1502 1092 1528 numerum
1117 1502 1219 1527 anno
1251 1488 1386 1527 tribuit
1397 1487 1453 1542 fi·-

73 1548 210 1600 quenti,
237 1558 316 1595 quo
343 1546 383 1584 in
405 1546 609 1598 Consulatu
640 1557 724 1585 erat
747 1544 830 1599 ipse
857 1547 1002 1587 Curius.
1060 1545 1162 1585 Hinc
1189 1542 1306 1595 spatia
1335 1546 1454 1585 media

73 1602 205 1642 omnia
225 1600 428 1641 firmantur
444 1615 515 1653 pro
539 1603 751 1643 rationibus
771 1603 1075 1649 Catonianorum,
1088 1616 1109 1640 a
1128 1601 1453 1640 Varronianorum

73 1657 289 1698 rationibus
315 1657 551 1698 alieniffima.
617 1659 697 1699 Sed
718 1661 897 1711 Eutropio
924 1659 1051 1709 potius
1072 1656 1181 1697 fauet
1198 1655 1450 1709 ingeniosissi-

69 1726 157 1754 mus
178 1713 361 1769 Sigonius.
419 1714 540 1761 Quod
573 1712 718 1754 scilicet
745 1714 883 1755 Bellum
902 1714 1144 1754 Samniticum
1170 1725 1252 1750 non
1278 1727 1300 1752 a
1330 1712 1447 1751 Fabio

72 1769 246 1826 Gurgite,
278 1767 345 1809 sed
373 1784 396 1809 a
423 1770 539 1810 Curio
557 1770 742 1818 Dentato,
764 1770 986 1810 confestum
1011 1769 1276 1809 arbitraretur.
1335 1767 1448 1808 Idem

70 1836 203 1866 temen
226 1823 450 1865 obseruauit
469 1829 594 1867 varias
612 1827 715 1866 illius
731 1826 829 1868 Belli
849 1826 1015 1866 confeffi
1037 1824 1203 1877 Epocha,
1233 1823 1336 1874 apud
1355 1838 1448 1863 vete·

68 1896 138 1929 res,
169 1891 210 1920 et
229 1882 348 1921 Curio
366 1882 483 1921 etiam
501 1881 583 1934 ipso
603 1884 726 1923 multo
748 1884 979 1924 recentiores.
1021 1882 1084 1922 Sic
1105 1881 1202 1919 nihil
1221 1879 1351 1926 obstat,
1364 1893 1446 1931 quo

67 1939 198 1977 minus
216 1950 410 1991 virumque
428 1937 640 1985 fue1·it‚sua
660 1939 826 1990 quadam
846 1939 1001 1990 propria
1023 1937 1183 1982 ratione,
1197 1935 1441 1974 verissimum.

68 1995 152 2034 Cur
169 1992 284 2033 Fabio
311 1994 407 2034 Beni
436 1993 633 2048 profligati
662 1995 786 2048 gloria
811 1994 1085 2047 affignaretur,
1118 1992 1309 2032 rationem
1338 1992 1442 2030 illam

68 2049 198 2089 reddit
217 2049 380 2101 Orofius,
415 2051 522 2101 quod
541 2052 725 2097 Pontium,
737 2051 878 2090 ducem
898 2049 1122 2090 Samnitium
1140 2047 1443 2086 celeberrimum

64 2107 255 2146 memoria
274 2106 388 2146 cladis
397 2107 534 2160 furcae
545 2107 742 2154 Caudinae,
766 2107 933 2157 ceperit,
965 2117 1004 2145 et
1023 2116 1116 2144 ante
1141 2115 1294 2142 currum
1311 2105 1443 2143 trium-

59 2162 206 2216 phalem
231 2163 372 2215 egerit.
424 2165 487 2203 Sic
514 2164 621 2203 enim
649 2165 700 2203 de
720 2163 785 2202 illo
804 2162 906 2202 Bello
928 2160 1073 2201 scribit:
1105 2162 1201 2212 capti
1221 2159 1319 2197 ducis
1338 2157 1438 2210 άςβί-

65 2220 206 2259 tatione
217 2217 368 2271 finitum
388 2217 445 2270 est.
499 2221 608 2259 Haec
635 2230 768 2260 autem
796 2222 897 2257 ratio
914 2217 1069 2270 propria
1095 2226 1178 2255 erat
1195 2214 1325 2259 Fabio,
1358 2227 1439 2252 nou

64 2275 281 2314 communis
301 2287 389 2314 cum
410 2275 535 2314 Curio.
605 2276 714 2318 Male
735 2287 831 2327 ergo
852 2274 965 2313 huius
985 2272 1078 2312 anni
1100 2283 1309 2309 numerum
1329 2271 1440 2310 Cato-

63 2331 218 2370 nianum
255 2330 302 2369 ad
325 2331 541 2384 fiquerttetn
577 2330 768 2372 transtulit
792 2330 1013 2382 Eutropius.
1078 2332 1200 2370 Fauet
1229 2337 1435 2377 praeterea

63 2385 179 2426 Fabio
202 2387 342 2435 Liuius,
375 2387 485 2427 cuius
503 2389 566 2427 illa
595 2387 762 2439 legimus
781 2387 820 2424 in
843 2386 959 2428 Libro
980 2387 1041 2425 XI.
1069 2394 1161 2423 ante
1189 2393 1248 2420 res
1271 2395 1292 2420 a
1319 2383 1435 2420 Curio

63 2441 187 2495 gestas
207 2442 345 2481 verba:
376 2457 457 2482 cum
475 2442 700 2484 Samnitibus
714 2454 840 2493 pacem
855 2440 1061 2495 petentibus
1078 2438 1209 2487 foedus
1232 2450 1365 2490 quarto
1384 2451 1436 2476 re·

61 2510 244 2537 nouatum
267 2496 324 2549 est.
378 2502 471 2539 Erat
489 2510 621 2539 tamen
646 2510 686 2538 et
706 2499 814 2539 Curii
832 2511 958 2538 annus
976 2498 1047 2536 alia
1067 2493 1173 2546 finiti
1192 2493 1286 2532 Belli
1314 2494 1435 2544 gloria

62 2553 229 2607 insignis,
249 2554 316 2605 qui
334 2555 502 2607 proinde
521 2555 759 2602 merebatur,
784 2565 824 2592 vt
842 2553 1043 2605 proprium
1070 2551 1135 2590 fibi
1157 2562 1343 2589 numerum
1367 2546 1438 2586 sor-

63 2611 209 2657 tiretur,
238 2623 318 2660 quo
346 2609 614 2664 designaretur
643 2611 683 2648 in
706 2610 831 2662 Fastis.
890 2612 925 2647 Is
954 2619 1084 2648 autem
1106 2607 1193 2656 quis
1213 2604 1343 2650 suerit,
1371 2603 1435 2642 do·

60 2666 140 2704 cuit
155 2665 291 2706 Florus
309 2668 339 2706 Ι.
354 2670 415 2710 16.
452 2668 520 2718 qui
540 2670 812 2721 quinquaginta
841 2666 952 2704 annis
969 2663 1160 2701 domitam
1181 2661 1363 2702 Samnium
1383 2668 1438 2696 te-

59 2719 187 2761 statur.
225 2722 298 2763 Hic
317 2734 505 2762 numerus
520 2723 568 2762 ab
589 2736 693 2763 anno
706 2723 915 2762 Catoniana
933 2730 1026 2773 412.
1048 2718 1096 2758 ad
1115 2730 1263 2756 annum
1282 2714 1440 2765 eiusdem

728 2780 759 2816 A
774 2793 793 2816 a
806 2792 827 2816 a
859 2789 880 2823 ς
1111 2802 1113 2805 .
1278 2769 1443 2824 Epoclme
