1796 3120
314 113 426 164 2654
481 111 673 149 NOTAE
702 110 777 147 AD
812 108 1084 148 CHRONOL.
1118 107 1640 149 GRAECO-ROMANAM

316 215 566 269 Regifugium,
617 212 725 264 quod
751 224 836 254 non
862 212 983 262 longe
1015 226 1035 250 a
1052 211 1194 265 Regum
1223 210 1348 262 exsilio
1359 211 1536 264 Capitolii
1555 210 1697 251 exstru-

320 271 499 310 &ion'em'
529 268 666 309 distare
707 265 988 306 existimabant.
1047 268 1128 307 Sed
1154 279 1247 305 vero
1274 269 1364 307 duas
1390 269 1445 306 ibi
1471 268 1697 308 tradidimus

320 327 484 379 Epochas
512 327 709 365 clauorum
733 323 1040 374 Capitolinorum,
1073 336 1144 374 pro
1177 321 1318 362 duabus
1349 323 1591 363 diuersorum
1618 328 1697 364 Au-

320 384 468 421 &orum
487 381 537 420 de
560 380 720 431 Templi
744 379 945 430 Capitolini
967 378 1204 418 fundatione
1223 376 1442 419 sententiis:
1473 380 1604 419 Aliam
1634 392 1697 418 eo-

322 451 416 484 rum,
444 438 510 487 qui
540 440 664 488 primo
695 435 850 474 Horatii
879 434 1076 486 Consulatu
1106 435 1194 485 (qui
1222 433 1315 473 anni
1347 446 1429 474 erat
1457 451 1477 474 a
1496 435 1698 491 Regifugio

321 493 499 546 proximi,
533 492 600 531 sed
635 494 820 543 exeuntis)
850 490 1072 530 dedicatum
1111 489 1158 529 ab
1188 490 1579 541 Horatiovputabant.
1635 492 1699 532 Sic

320 548 403 600 ipse
426 550 567 589 Liuius.
628 547 766 593 Aliam,
787 545 854 597 qui
872 559 909 587 2.
929 547 1087 586 Horatii
1109 545 1323 596 Consulatu,
1352 558 1430 596 quo
1454 548 1604 598 mensim
1633 547 1698 587 ha·

321 605 407 644 buit
422 605 463 643 in
482 603 548 643 suo
572 602 786 643 Consulatu
807 602 1059 655 Septembrem,
1089 603 1259 654 primum
1286 602 1396 640 illum
1415 603 1514 641 illius
1538 603 1698 655 Templi

323 660 464 700 clauum
491 662 530 710 (a
558 673 636 710 quo
664 661 804 710 primus
835 659 1013 710 processit
1036 658 1302 698 Dedicationis
1337 663 1472 712 annus)
1501 658 1623 697 fixum
1649 659 1697 698 ab

321 719 487 758 Horatio
505 714 743 754 verisimilius
765 713 1045 754 existimabant.
1102 714 1174 754 His
1197 711 1430 765 suffragatur
1454 713 1535 765 ipse
1556 714 1699 766 Diony-

313 772 404 826 fius,
435 774 502 823 qui
531 774 645 812 tertio
669 771 836 823 proinde
866 769 950 822 post
977 771 1127 809 Liuium
1153 768 1357 820 Consulatu
1381 771 1575 821 proelium
1601 771 1699 810 illud

322 831 369 870 ad
385 828 563 885 Regillum
581 827 718 874 statuit,
745 839 834 865 cum
858 827 950 873 aliis,
969 839 1138 877 quorum
1157 826 1337 864 meminit
1367 827 1495 865 Liuius
1526 826 1700 866 Auciori-

322 887 407 925 bus.
463 884 542 925 Sed
564 894 603 922 et
620 884 709 923 alias
738 879 853 922 fuiffe
873 883 1037 922 arbitror
1058 882 1108 921 de
1136 882 1275 921 eadem
1296 882 1358 921 issa
1379 881 1577 937 Regifugii
1593 886 1700 922 Aera

324 941 545 981 sententias.
577 942 726 979 Harum
748 952 819 978 vna
838 938 885 976 ab
902 952 1006 978 anno
1034 939 1237 991 Tarquinii
1255 938 1466 990 penultimo,
1500 940 1560 976 vel
1581 939 1701 978 eriam

322 1001 441 1040 XXV.
460 995 542 1049 post
561 995 694 1048 messem
711 995 882 1040 labente,
913 997 960 1033 V.
983 994 1027 1035 C.
1048 1007 1140 1047 243.
1170 994 1358 1033 clauorum
1378 992 1482 1033 vsum
1500 994 1700 1033 arceffiue-

323 1055 382 1101 rit,
413 1063 623 1104 propterea
640 1051 748 1102 quod
771 1050 836 1089 illo
867 1047 948 1102 ipso
970 1063 1072 1091 anno
1103 1061 1203 1089 totus
1229 1050 1453 1089 incubuerit
1470 1050 1613 1102 Templo
1633 1050 1701 1089 ca-

314 1110 475 1164 pitolino
510 1109 745 1160 Tarquinius.
803 1106 933 1144 Potuit
968 1105 1031 1145 illa
1063 1104 1255 1144 sententia
1291 1104 1472 1158 placuifl'e
1510 1105 1700 1159 Fastorum

322 1167 618 1218 Capitolinormn
648 1162 849 1208 conditori,
886 1160 1048 1212 aliisque
1077 1162 1276 1209 omnibus,
1316 1162 1383 1213 qui
1419 1164 1552 1215 primis
1606 1164 1700 1203 Con-

310 1223 454 1274 fidibus
483 1221 594 1260 illum
646 1218 765 1272 ipsum
819 1231 967 1257 annum
1041 1218 1239 1266 tribuunt,
1297 1218 1364 1269 qui
1417 1218 1699 1258 numerabatur

322 1280 369 1319 ab
390 1277 496 1318 Vrbe
519 1276 677 1316 Condita
702 1287 793 1329 244.
850 1274 940 1314 A‘ja
966 1283 1049 1312 erat
1069 1287 1215 1321 eorum,
1243 1275 1311 1325 qui
1339 1287 1482 1314 nouam
1503 1275 1700 1330 Regifugii

322 1341 468 1375 Aetam
497 1334 544 1372 ab
567 1345 670 1372 anno
692 1332 818 1382 potius
844 1330 1038 1384 Tarquinii
1066 1330 1194 1370 vltimo
1216 1329 1479 1382 incipiendam
1501 1331 1698 1378 videbant,

324 1403 443 1441 quam
485 1404 505 1429 a
523 1388 681 1440 Templi
712 1387 915 1440 Capitolini
942 1387 1209 1433 Dedicotione,
1259 1400 1376 1438 quam
1416 1386 1700 1439 intelligebant

325 1459 472 1485 nexum
493 1446 554 1483 vel
577 1445 738 1491 nullum,
768 1444 828 1481 vel
857 1443 1068 1482 admodum
1095 1445 1299 1490 incertum,
1331 1456 1419 1482 cum
1443 1442 1525 1495 ipso
1545 1443 1700 1498 Regifu-

322 1506 386 1559 gio
401 1501 560 1541 habere.
592 1503 701 1539 Haec
723 1500 859 1551 procul
878 1498 996 1538 dubio
1018 1497 1212 1538 sententia
1232 1499 1408 1538 omnium
1426 1499 1612 1538 veriffima
1632 1499 1696 1546 est,

325 1572 442 1609 quam
460 1570 587 1597 tamen
613 1570 693 1594 non
713 1554 1000 1606 intelligebant,
1032 1556 1098 1605 qui
1117 1555 1220 1594 illam
1242 1554 1517 1605 sequebantur,
1542 1567 1595 1594 ne
1614 1555 1696 1605 qui·

324 1617 414 1654 dem
437 1614 567 1654 Liuius
594 1610 686 1664 ipse,
708 1612 766 1649 ¹sel
787 1607 999 1659 Diorvfius.
1054 1610 1217 1650 Secundo
1245 1609 1377 1661 Exfi'liz·
1402 1625 1507 1650 anno
1542 1612 1699 1664 Tarqui·

324 1675 424 1710 nium
455 1668 627 1709 deseruit
643 1667 811 1718 Poaefina,
838 1679 982 1717 nempe
1000 1680 1165 1705 exeunte.
1220 1668 1318 1706 Inde
1338 1666 1492 1713 factum,
1523 1677 1562 1706 vt
1581 1669 1697 1706 tertio

323 1740 428 1767 anno
458 1724 540 1765 sese
566 1725 615 1763 ad
634 1723 851 1764 Mamilium
878 1734 1071 1774 generum
1091 1723 1232 1773 Tufiuli
1261 1733 1448 1776 agentem
1477 1722 1697 1763 contulerit.

324 1783 386 1822 Ibi
405 1783 516 1821 latuit
532 1793 604 1832 per
622 1793 745 1820 annos
763 1778 1037 1832 quatuordecim
1065 1777 1183 1829 vsque
1212 1779 1258 1818 ad
1284 1778 1477 1830 proelium
1501 1780 1549 1819 ad
1577 1778 1698 1833 Regil-

324 1839 410 1885 lum,
441 1838 619 1889 proximo
639 1835 722 1886 post
741 1836 936 1887 proelium
968 1848 1072 1873 anno
1107 1847 1285 1882 mortuus,
1337 1836 1405 1887 qui
1444 1846 1527 1875 erat
1564 1851 1584 1875 a
1604 1835 1697 1874 late·

325 1895 401 1935 bris
420 1894 460 1932 in
483 1891 633 1941 Tufiulo
643 1895 726 1933 XV.
782 1894 838 1930 Ita
849 1892 1063 1944 Eutropius,
1092 1903 1140 1929 ex
1164 1891 1399 1941 antiquiore*
1408 1893 1543 1942 procul
1563 1890 1698 1938 dubio,

325 1961 365 1989 et
391 1950 565 1998 meliore,
593 1961 709 1998 quam
735 1945 817 1998 ipse
846 1946 977 1995 fuerit,
1005 1946 1190 1986 Auciore.
1250 1948 1376 1986 Tertio
1405 1947 1569 2001 (inquit)
1599 1960 1697 1986 anno

317 2005 401 2060 post
419 2007 534 2060 Reges
554 2005 698 2043 exac‘tos
715 2003 951 2056 Tarquinius,
975 2016 1054 2042 cum
1071 2002 1211 2055 fiestipi
1237 2017 1312 2043 non
1334 2002 1448 2055 poffit
1467 2006 1505 2042 in
1522 2004 1700 2056 Regnum,

323 2075 437 2116 neque
465 2063 498 2100 ei
525 2060 707 2111 Povsseno,
751 2063 813 2113 qui
839 2060 970 2098 Pacem
994 2072 1073 2097 cum
1099 2060 1276 2099 Romanis
1295 2059 1466 2112 fecerat,
1502 2060 1697 2098 *auxilium

321 2116 534 2171 praestaret,
561 2116 755 2167 Tufiulum
770 2116 813 2165 fi’
833 2116 998 2160 contulit,
1027 2129 1120 2167 quae
1147 2119 1278 2154 ciuitas
1303 2129 1378 2154 non
1402 2116 1503 2169 longe
1528 2114 1574 2152 ab
1597 2113 1696 2154 Vrbe

324 2174 382 2226 est,
412 2186 524 2227 atque
549 2171 606 2212 ibi
628 2184 695 2224 per
719 2173 1000 2225 quatuordecim
1025 2185 1136 2211 annos
1161 2175 1337 2223 priuatus
1365 2184 1443 2209 cum
1470 2183 1585 2208 vxore
1615 2184 1695 2210 con-

314 2229 452 2281 senuit.
510 2231 560 2267 Et
583 2238 688 2266 certe
707 2228 789 2279 post
801 2232 938 2268 Pacem
954 2227 1134 2276 Porsenae
1151 2226 1295 2278 Tufiuli
1316 2224 1429 2265 fuiffe
1439 2226 1693 2278 Tarquinium,

324 2296 365 2323 et
382 2283 544 2334 quidem
560 2287 682 2323 tertiis
699 2299 720 2322 a
742 2284 943 2337 Regifugio
961 2282 1054 2333 COff
1069 2281 1302 2334 suffragatur
1321 2281 1451 2321 Liuius
1472 2281 1528 2320 his
1550 2283 1695 2322 verbis:

321 2339 562 2393 Tarquinius,
581 2338 651 2391 spe
669 2342 766 2377 omni
790 2340 931 2378 reditus
960 2338 1082 2385 incisiz,
1111 2337 1313 2388 exsulatum
1341 2338 1391 2376 ad
1413 2351 1587 2393 generum
1605 2338 1696 2377 Ma·

316 2397 460 2436 'milium
482 2396 674 2434 Oc'lauium
686 2395 873 2442 Tuli-ulum
894 2392 1001 2432 abiit.
1022 2395 1065 2431 ll.
1091 2406 1151 2445 15.
1204 2393 1344 2432 Incidit
1366 2394 1395 2432 is
1421 2407 1545 2433 annus
1563 2392 1696 2443 Exfilii

322 2455 387 2492 ΠΙ.
413 2452 454 2489 in
472 2464 618 2490 annum
641 2451 813 2488 Dedicoti
845 2449 891 2488 ab
911 2449 1076 2487 Horatio
1099 2449 1275 2501 Capitolii
1303 2452 1349 2488 V.
1371 2450 1415 2489 C.
1436 2462 1527 2501 247.
1586 2453 1631 2488 ln
1651 2451 1694 2488 il·
1732 2492 1745 2497 -

274 2522 278 2524 ·
320 2509 402 2546 lum
421 2519 565 2557 nempe
586 2504 711 2558 ipsum
731 2518 889 2551 annum,
904 2517 1022 2555 quem
1042 2518 1112 2554 pro
1132 2505 1327 2560 Regifiagii
1356 2519 1459 2543 anno
1483 2505 1691 2553 habebant,

321 2564 389 2614 qui
409 2563 607 2618 Regifugii
633 2561 830 2613 'epocham
858 2575 879 2599 a
898 2561 1008 2599 clauis
1036 2558 1275 2599 arcefl'ebaut
1304 2562 1537 2612 Capitolinis.
1594 2561 1694 2601 Inde

324 2618 555 2671 supererant
589 2618 635 2659 ad
662 2617 857 2669 proelium
872 2615 1072 2672 Regillensi
1103 2616 1196 2656 anni
1224 2618 1494 2657 tantummodo
1520 2629 1693 2670 quatuor-

1567 2672 1692 2721 decim,
