1796 3120
153 114 252 155 PRO
285 113 690 155 HYPOTHESIBVS
719 111 966 155 DIONYSII
992 114 1284 156 HALICARN.
1341 118 1456 172 2697}

9 250 13 262 ,
57 217 161 270 fuit,
187 220 254 271 qui
263 216 521 270 filiumficum‚
555 220 655 273 quod
671 233 803 260 contra
844 233 933 260 uum
951 221 1088 261 dic'ium
1103 223 1143 261 in
1160 219 1294 274 hostem
1304 232 1455 275 pugna·

7 283 11 302 '⁴
69 277 198 315 verat)
217 274 346 317 stru-‘¹'
375 278 534 315 necauit.
584 276 794 317 No&.Att.
853 279 1026 320 V11.21.
1082 280 1191 317 Haec
1211 277 1278 316 ille
1303 291 1456 316 accura-

6 337 10 349 ’-
70 321 208 360 tissime
226 335 296 372 pro
317 321 461 359 calculo
484 322 734 361 Varroniano.
762 329 827 360 Est
849 334 912 358 0211
916 345 1034 360 ,,,,,,,
1033 348 1046 364 2
1054 347 1095 370 us
1106 335 1337 369 (mantuam
1359 344 1453 375 224·

67 388 107 417 vt
131 377 172 415 in
193 377 250 416 his
270 375 386 415 nostri
414 376 590 427 Dionyſs'i
609 376 771 416 Tabulis
799 376 995 423 videmus,
1023 387 1187 428 propter
1207 391 1355 417 annum
1372 375 1455 427 inst-

66 436 202 476 titium.
263 434 344 472 Nec
365 446 516 473 numero
535 433 664 471 modo.
712 433 840 472 Etiam
866 434 946 484 situ
978 433 1230 474 Varronianus
1256 433 1328 482 est,
1358 435 1454 473 dum

68 503 155 543 curn
178 493 296 542 primo
325 503 430 528 anno
462 489 663 528 confertur
686 487 782 528 Belli
811 487 1108 541 Peloponnefiaci,
1139 491 1205 540 qui
1225 503 1348 530 annus
1369 499 1456 529 erat

69 547 127 585 Ol.
153 547 406 598 LXXXVII}
437 547 601 585 triennio
622 543 776 596 integro
798 544 975 584 diuersus
995 555 1157 596 propter
1178 547 1330 585 lucrum
1351 549 1453 597 Epo-

66 602 164 642 chae
182 603 417 642 Catonianae.
460 601 550 640 Vid.
572 599 709 639 Annal.
728 599 992 652 Thucydidem.
1049 601 1111 641 Sic
1139 612 1271 640 autem
1298 603 1347 641 de
1376 601 1455 641 hoc

65 672 171 698 anno
191 659 343 697 Liuius:
378 658 521 712 Infigni
545 658 688 711 magnis
712 655 821 696 rebus
849 671 948 696 anno
977 656 1141 704 additur,
1170 658 1268 697 nihil
1292 673 1371 698 tum
1400 657 1452 697 ad

65 729 141 754 rem
157 715 360 754 Romanam
382 716 567 767 pertinere
591 712 720 763 vistim,
751 713 850 765 quod
869 712 1176 767 Carthaginenses
1206 720 1305 754 tanti
1333 714 1453 765 hostes

55 771 211 823 futuri,
241 785 322 811 tum
345 773 508 822 primum
530 780 595 822 per
608 768 813 820 seditiones
831 768 1042 809 Siculorum
1069 771 1120 809 ad
1144 774 1268 823 partis
1295 772 1454 811 alterius

64 826 245 867 auxilium
265 829 304 866 in
326 824 490 865 Siciliam
511 828 717 865 exercitum
732 827 919 869 traiicere.
953 828 1020 866 IV.
1040 839 1106 879 29.
1164 829 1273 866 Haec
1293 827 1452 867 Cartha-

63 880 263 938 ginenfi'um
283 894 386 920 noua
406 883 448 920 in
466 881 636 929 Siciliam,
656 880 739 933 post
762 881 910 923 Gelonis
931 892 1118 933 tempora,
1138 883 1346 934 Expeditio
1368 896 1452 922 non

66 939 180 977 video
203 951 281 989 quo
302 935 473 989 spei'mre
492 939 614 989 point,
628 948 907 989 praeterquam
935 939 982 979 ad
1001 939 1118 986 illam,
1135 940 1244 978 euius
1268 940 1451 978 meminit

67 994 211 1047 Olymp.
224 994 346 1034 XCII.
367 1008 403 1048 3.
423 995 626 1033 Diodorus.
667 995 760 1033 Erat
777 994 883 1034 enim
907 989 981 1042 illa,
994 994 1277 1050 Aegestanorum
1297 1007 1449 1049 rogatu,

66 1050 263 1090 seditionis
295 1049 494 1090 occasione
523 1061 672 1102 captata
697 1050 802 1088 inter
825 1051 909 1090 illos
937 1062 1056 1102 atque
1075 1051 1306 1091 Selinuntios.
1364 1055 1453 1092 Hoc

64 1105 93 1146 fi
110 1119 243 1146 verum
263 1105 328 1152 est,
361 1120 431 1158 pro
452 1107 571 1146 Cincii
586 1106 763 1146 Alimenti
780 1106 994 1146 rationibus
1016 1105 1207 1158 scripserit
1222 1109 1288 1148 illa
1307 1109 1451 1149 Liuius.

66 1163 247 1204 Credidit
265 1163 343 1210 ille,
356 1164 497 1216 Olymp.
513 1165 591 1202 XII.
615 1175 648 1205 1.
685 1163 825 1202 Romae
844 1163 940 1203 iaffila
960 1159 1039 1201 effe
1048 1162 1311 1215 fhndamenm,
1330 1167 1450 1206 XXII.

65 1220 175 1259 annis
194 1218 453 1270 se1·ius‚quam
467 1221 594 1266 Varro,
614 1219 681 1270 qui
703 1219 845 1272 Olymp.
855 1222 925 1260 VI.
938 1232 973 1273 3,
994 1220 1179 1259 conditam
1203 1221 1451 1261 existimauit.

63 1275 273 1315 Addamus
292 1275 346 1314 illi
366 1289 469 1316 anno
495 1276 729 1316 Varroniano
751 1288 844 1329 323.
863 1289 1012 1315 annum
1031 1275 1242 1316 conficient
1260 1290 1351 1331 345.
1380 1277 1451 1328 qui

67 1332 212 1384 Olymp.
232 1332 380 1386 XCII}
410 1329 621 1383 respondet
649 1346 720 1384 pro
735 1330 815 1382 st'tu
834 1333 929 1371 anni
957 1333 1207 1373 Varroniano.
1268 1336 1329 1374 Sic
1357 1345 1455 1375 vere}

67 1389 207 1442 Olymp.
228 1389 396 1441 XCII.3.
421 1386 598 1439 defluente
621 1389 662 1427 in
688 1387 854 1428 Siciliam
880 1387 1046 1427 accersiti
1076 1389 1228 1428 fuerint
1249 1389 1454 1445 Carthagi-

63 1446 214 1496 nienses.
271 1447 326 1484 Vt
346 1457 442 1497 ergo
464 1445 554 1483 alibi
571 1443 768 1491 Fabianus,
798 1445 852 1483 ita
871 1444 1046 1483 hocloco
1068 1446 1188 1485 Cincii
1200 1445 1376 1486 Alimenti
1395 1461 1452 1486 ra·

65 1503 190 1541 tiones
221 1500 391 1549 imitatur
420 1502 564 1541 Liuius.
593 1544 596 1547 ,
622 1503 730 1540 Haec
755 1499 783 1538 fi
811 1513 912 1546 vera,
937 1516 958 1540 a
980 1501 1239 1550 Varronianis‚
1273 1504 1324 1542 de
1352 1516 1452 1541 anno

64 1558 394 1598 Decemuiroium
412 1561 534 1602 tertio,
552 1554 701 1596 steterit
722 1557 838 1596 etiam
862 1557 1010 1596 Cincius
1021 1557 1450 1611 Alimentus-‚proximus

63 1612 181 1654 fabio
205 1614 346 1654 Piciori
379 1624 507 1653 aetate
532 1613 714 1664 Scriptor.
738 1630 741 1633 ·
781 1613 935 1669 Ignotae
969 1624 1099 1653 tamen
1137 1615 1239 1655 illius
1279 1614 1453 1655 rationes

65 1670 278 1721 Censorino.

64 1773 69 1777 ¹
173 1739 269 1781 425.
300 1726 409 1767 Alios
428 1725 543 1765 huius
564 1725 657 1765 anni
678 1725 773 1780 Coff
795 1726 900 1778 apud
918 1725 1133 1766 Diodorum
1153 1727 1316 1767 credidit
1334 1724 1452 1767 fuiffe

63 1783 378 1837 Sigonius,quarn
396 1783 438 1820 in
457 1785 612 1834 receptis
632 1782 757 1823 Fastis.
812 1783 857 1823 Id
877 1781 903 1819 fi
928 1795 1072 1830 verum7
1091 1783 1192 1823 locus
1208 1781 1341 1823 fuifl'et
1365 1784 1452 1823 nul-

62 1841 122 1878 lus
143 1839 216 1886 his,
250 1852 346 1889 quos
366 1838 565 1886 habemus,
588 1838 680 1891 Coff
734 1838 1001 1878 Hallucinatus
1027 1851 1160 1879 autem
1188 1840 1243 1879 est
1271 1840 1450 1891 profe&o

63 1896 137 1936 Vir
165 1894 420 1938 Dofflffimus,
449 1894 542 1933 dum
570 1895 622 1934 ita
657 1894 817 1935 censuit.
876 1897 975 1934 Nam
1003 1906 1044 1934 et
1071 1896 1137 1935 hos
1164 1909 1325 1947 quoque
1358 1894 1454 1948 Cqffi

65 1949 238 2003 agnoscit
254 1951 360 1990 idem
383 1950 573 1990 Diodorus
596 1951 739 2003 Olymp.
755 1959 817 2005 89.
830 1964 868 2005 4.
899 1958 997 1991 Τίτον
1015 1955 1160 1991 Κοίντιον
1181 1953 1235 1995 κου’]
1252 1948 1356 1992 Αὖλον
1370 1965 1451 2001 Κορ-

63 2008 168 2050 νήλιον
187 2006 321 2046 Κέσσον.
373 2008 566 2057 Sequenti
585 2018 720 2047 autem
737 2021 842 2047 anno
860 2007 1003 2060 Olymp.
1022 2020 1088 2061 90.
1105 2021 1138 2049 1.
1163 2008 1362 2059 Consulum
1380 2022 1452 2049 no·

62 2064 168 2103 mina
187 2064 269 2111 illa,
300 2075 404 2114 quae
430 2076 500 2114 pro
533 2063 647 2102 huius
674 2064 767 2102 anni
803 2065 1033 2103 nominibus:
1055 2064 1226 2104 habebat
1253 2065 1452 2119 Sigonius.-

63 2120 198 2160 Λεύκιον
216 2125 359 2159 Κοίντιον
377 2129 418 2158 et
434 2116 539 2157 Αὖλον
556 2117 763 2165 Σεμπρώνιον.
804 2121 884 2159 Sed
902 2131 941 2158 et
961 2121 1053 2159 {llius
1064 2121 1130 2159 ille
1147 2120 1345 2175 Qinc‘lius
1365 2131 1450 2160 erat

63 2177 209 2223 Lucius,
238 2190 318 2215 non
343 2176 460 2222 Titus,
474 2175 567 2229 Coffi
587 2176 746 2227 collega.
804 2178 853 2216 Et
874 2177 968 2215 alius
986 2178 1329 2232 quoqueQinc‘iii
1348 2179 1451 2217 illiue

64 2231 174 2270 Lucii
193 2233 344 2286 collega
369 2230 497 2279 Aulus,
516 2245 598 2270 non
621 2231 806 2271 Cornelia,
821 2261 830 2277 ‚
862 2230 927 2270 sed
946 2233 1200 2284 Sempronius:
1236 2235 1343 2274 Alios
1361 2247 1452 2287 pro-

65 2288 168 2333 inde,
190 2288 255 2338 qui
274 2289 338 2327 illo
358 2289 532 2342 sequenti
559 2301 662 2327 anno
686 2284 945 2326 succefl'erunt
973 2288 1064 2340 Coff.'
1090 2302 1113 2327 e
1133 2290 1218 2330 loco
1239 2289 1306 2330 suo
1326 2289 1449 2330 exclu-

52 2343 150 2395 fim',
169 2343 196 2381 fi
215 2358 315 2385 veros
332 2345 416 2383 illos
438 2344 532 2396 Coss
548 2357 570 2382 e
590 2343 761 2395 probatis
781 2343 893 2385 Fastis
914 2342 1092 2383 edidisset
1106 2345 1307 2387 Diodorus.
1368 2345 1449 2387 Sed

64 2400 121 2440 fa
154 2415 193 2439 os
223 2400 531 2451 corruptissimos,
561 2400 618 2439 his
647 2398 875 2450 praesertim
903 2400 1165 2453 antiqmffimis
1194 2403 1450 2454 temporibus,

63 2455 342 2507 imperitiffirna
370 2456 633 2494 commistione
665 2470 750 2494 curn
789 2456 899 2495 annis
933 2457 1191 2509 Olympiadum
1233 2460 1345 2498 nouis
1373 2456 1450 2497 suis

66 2512 261 2551 erroribus
285 2512 542 2562 corruptiores
563 2511 656 2550 fecit
677 2510 758 2562 ipse
774 2511 983 2552 Diodorus.
1033 2516 1117 2553 Nec
1133 2515 1293 2554 aliunde
1313 2525 1450 2554 natum

65 2568 175 2606 illum
205 2567 440 2617 Confitlatum
464 2567 636 2612 arbitror,
663 2580 783 2617 quem
817 2570 958 2618 reliqui
989 2571 1082 2609 nulli
1101 2569 1317 2623 agnoscunt
1339 2569 1449 2620 Fasti,

67 2635 185 2677 quam
204 2635 227 2662 e
252 2621 427 2665 Tribunis
448 2621 689 2667 Militaribus
712 2625 908 2678 Confidari
927 2626 1107 2679 Potestate
1125 2627 1320 2680 praeditis,
1348 2639 1449 2680 quos

1363 2680 1450 2736 post
