<?xml version="1.0" encoding="UTF-8"?>
<!DOCTYPE html PUBLIC "-//W3C//DTD XHTML 1.0 Transitional//EN"
    "http://www.w3.org/TR/xhtml1/DTD/xhtml1-transitional.dtd">
<html xmlns="http://www.w3.org/1999/xhtml" xml:lang="en" lang="en">
 <head>
  <title>
</title>
<meta http-equiv="Content-Type" content="text/html;charset=utf-8" />
  <meta name='ocr-system' content='tesseract 3.04.00' />
  <meta name='ocr-capabilities' content='ocr_page ocr_carea ocr_par ocr_line ocrx_word'/>
</head>
<body>
  <div class='ocr_page' id='page_1' title='image "./operaomniagraece04dionuoft/operaomniagraece04dionuoft_0732.png"; bbox 0 0 1796 3120; ppageno 0'>
   <div class='ocr_carea' id='block_1_1' title="bbox 302 114 1625 164">
    <p class='ocr_par' dir='ltr' id='par_1_1' title="bbox 302 114 1625 164">
     <span class='ocr_line' id='line_1_1' title="bbox 302 114 1625 164; baseline 0.002 -2"><span class='ocrx_word' id='word_1_1' title='bbox 302 120 415 162; x_wconf 86' lang='lat'><em>2610</em></span> <span class='ocrx_word' id='word_1_2' title='bbox 470 120 661 163; x_wconf 82' lang='lat' dir='ltr'><strong>NOTAE</strong></span> <span class='ocrx_word' id='word_1_3' title='bbox 695 123 771 163; x_wconf 90' lang='lat' dir='ltr'><strong>AD</strong></span> <span class='ocrx_word' id='word_1_4' title='bbox 803 122 1075 163; x_wconf 78' lang='lat' dir='ltr'><strong>CHRONOL.</strong></span> <span class='ocrx_word' id='word_1_5' title='bbox 1106 114 1625 164; x_wconf 73' lang='lat' dir='ltr'>GRAECO-ROMANAM</span> 
     </span>
    </p>
   </div>
   <div class='ocr_carea' id='block_1_2' title="bbox 300 222 1696 2751">
    <p class='ocr_par' dir='ltr' id='par_1_2' title="bbox 304 222 1682 324">
     <span class='ocr_line' id='line_1_2' title="bbox 304 222 1682 281; baseline 0.001 -17"><span class='ocrx_word' id='word_1_6' title='bbox 304 222 399 264; x_wconf 81' lang='lat' dir='ltr'><strong>anni</strong></span> <span class='ocrx_word' id='word_1_7' title='bbox 417 226 523 265; x_wconf 81' lang='lat' dir='ltr'><strong>XXX</strong></span> <span class='ocrx_word' id='word_1_8' title='bbox 544 225 592 264; x_wconf 82' lang='lat' dir='ltr'><strong>ad</strong></span> <span class='ocrx_word' id='word_1_9' title='bbox 612 225 779 279; x_wconf 80' lang='lat' dir='ltr'><em>Longam</em></span> <span class='ocrx_word' id='word_1_10' title='bbox 797 224 940 274; x_wconf 79' lang='lat' dir='ltr'><strong>Albam,</strong></span> <span class='ocrx_word' id='word_1_11' title='bbox 960 225 1063 264; x_wconf 84' lang='lat' dir='ltr'><strong>vnde</strong></span> <span class='ocrx_word' id='word_1_12' title='bbox 1081 239 1186 268; x_wconf 81' lang='lat' dir='ltr'><strong>noua</strong></span> <span class='ocrx_word' id='word_1_13' title='bbox 1207 228 1382 281; x_wconf 85' lang='lat' dir='ltr'>procedit</span> <span class='ocrx_word' id='word_1_14' title='bbox 1401 225 1561 278; x_wconf 86' lang='lat' dir='ltr'><strong>Epocha</strong></span> <span class='ocrx_word' id='word_1_15' title='bbox 1581 226 1682 266; x_wconf 86' lang='lat' dir='ltr'><strong>colo-</strong></span> 
     </span>
     <span class='ocr_line' id='line_1_3' title="bbox 305 279 1510 324; baseline 0.002 -5"><span class='ocrx_word' id='word_1_16' title='bbox 305 279 394 319; x_wconf 76' lang='lat' dir='ltr'><strong>niae</strong></span> <span class='ocrx_word' id='word_1_17' title='bbox 410 279 588 320; x_wconf 79' lang='lat' dir='ltr'><em>Albanae.</em></span> <span class='ocrx_word' id='word_1_18' title='bbox 646 280 806 320; x_wconf 84' lang='lat' dir='ltr'><strong>Vtrouis</strong></span> <span class='ocrx_word' id='word_1_19' title='bbox 822 282 941 321; x_wconf 84' lang='lat' dir='ltr'><strong>modo</strong></span> <span class='ocrx_word' id='word_1_20' title='bbox 959 280 1135 322; x_wconf 88' lang='lat' dir='ltr'><strong>eiusdem</strong></span> <span class='ocrx_word' id='word_1_21' title='bbox 1153 295 1234 323; x_wconf 87' lang='lat' dir='ltr'><strong>erat</strong></span> <span class='ocrx_word' id='word_1_22' title='bbox 1253 285 1346 324; x_wconf 88' lang='lat' dir='ltr'><strong>anni</strong></span> <span class='ocrx_word' id='word_1_23' title='bbox 1363 283 1510 323; x_wconf 82' lang='lat' dir='ltr'><strong>Iuliani.</strong></span> 
     </span>
    </p>

    <p class='ocr_par' dir='ltr' id='par_1_3' title="bbox 301 336 1692 1835">
     <span class='ocr_line' id='line_1_4' title="bbox 424 336 1683 388; baseline 0.001 -13"><span class='ocrx_word' id='word_1_24' title='bbox 424 337 573 375; x_wconf 87' lang='lat' dir='ltr'><strong>Tertius</strong></span> <span class='ocrx_word' id='word_1_25' title='bbox 598 336 659 374; x_wconf 85' lang='lat' dir='ltr'><strong>hic</strong></span> <span class='ocrx_word' id='word_1_26' title='bbox 687 337 867 388; x_wconf 78' lang='lat' dir='ltr'><strong>Dionysto</strong></span> <span class='ocrx_word' id='word_1_27' title='bbox 896 351 1021 383; x_wconf 82' lang='lat' dir='ltr'><strong>annus</strong></span> <span class='ocrx_word' id='word_1_28' title='bbox 1061 338 1116 377; x_wconf 88' lang='lat' dir='ltr'><strong>est</strong></span> <span class='ocrx_word' id='word_1_29' title='bbox 1143 339 1190 378; x_wconf 85' lang='lat' dir='ltr'><strong>ab</strong></span> <span class='ocrx_word' id='word_1_30' title='bbox 1219 339 1369 378; x_wconf 84' lang='lat' dir='ltr'><strong>excidio</strong></span> <span class='ocrx_word' id='word_1_31' title='bbox 1400 340 1553 384; x_wconf 85' lang='lat' dir='ltr'><em>Troiae,</em></span> <span class='ocrx_word' id='word_1_32' title='bbox 1590 349 1683 376; x_wconf 83' lang='lat' dir='ltr'><strong>cum</strong></span> 
     </span>
     <span class='ocr_line' id='line_1_5' title="bbox 308 390 1680 447; baseline 0.001 -17"><span class='ocrx_word' id='word_1_33' title='bbox 308 392 484 442; x_wconf 80' lang='lat' dir='ltr'><strong>Templis</strong></span> <span class='ocrx_word' id='word_1_34' title='bbox 514 390 757 443; x_wconf 78' lang='lat' dir='ltr'><strong>caeterisque</strong></span> <span class='ocrx_word' id='word_1_35' title='bbox 785 393 822 431; x_wconf 90' lang='lat' dir='ltr'><strong>id</strong></span> <span class='ocrx_word' id='word_1_36' title='bbox 856 405 981 446; x_wconf 80' lang='lat' dir='ltr'><strong>genus</strong></span> <span class='ocrx_word' id='word_1_37' title='bbox 1011 394 1430 447; x_wconf 50' lang='lat' dir='ltr'><strong>ornamentisss-publicis</strong></span> <span class='ocrx_word' id='word_1_38' title='bbox 1447 406 1591 434; x_wconf 86' lang='lat' dir='ltr'><strong>nouam</strong></span> <span class='ocrx_word' id='word_1_39' title='bbox 1609 395 1680 432; x_wconf 87' lang='lat' dir='ltr'><strong>Vr-</strong></span> 
     </span>
     <span class='ocr_line' id='line_1_6' title="bbox 305 445 1681 499; baseline 0.002 -14"><span class='ocrx_word' id='word_1_40' title='bbox 305 445 399 486; x_wconf 80' lang='lat' dir='ltr'><strong>bem</strong></span> <span class='ocrx_word' id='word_1_41' title='bbox 421 449 624 486; x_wconf 83' lang='lat' dir='ltr'><strong>Lauinium</strong></span> <span class='ocrx_word' id='word_1_42' title='bbox 642 446 885 495; x_wconf 66' lang='lat' dir='ltr'><strong>instruxisset,</strong></span> <span class='ocrx_word' id='word_1_43' title='bbox 906 452 954 494; x_wconf 68' lang='grc' dir='ltr'><strong>τῷ</strong></span> <span class='ocrx_word' id='word_1_44' title='bbox 974 450 1053 497; x_wconf 76' lang='grc' dir='ltr'><strong>ἕξῆς</strong></span> <span class='ocrx_word' id='word_1_45' title='bbox 1070 454 1213 499; x_wconf 56' lang='lat' dir='ltr'><strong>&amp;mam-55,</strong></span> <span class='ocrx_word' id='word_1_46' title='bbox 1232 459 1332 498; x_wconf 66' lang='grc' dir='ltr'><strong><em>τρίτῳ</em></strong></span> <span class='ocrx_word' id='word_1_47' title='bbox 1348 450 1387 488; x_wconf 78' lang='grc' dir='ltr'><strong>δὲ</strong></span> <span class='ocrx_word' id='word_1_48' title='bbox 1406 450 1474 489; x_wconf 61' lang='lat' dir='ltr'><strong>&amp;nd</strong></span> <span class='ocrx_word' id='word_1_49' title='bbox 1491 454 1553 494; x_wconf 68' lang='grc' dir='ltr'><strong>τῆς</strong></span> <span class='ocrx_word' id='word_1_50' title='bbox 1568 447 1681 497; x_wconf 65' lang='grc' dir='ltr'>ἐξόδε,</span> 
     </span>
     <span class='ocr_line' id='line_1_7' title="bbox 304 502 1684 558; baseline 0.001 -16"><span class='ocrx_word' id='word_1_51' title='bbox 304 502 444 552; x_wconf 82' lang='lat' dir='ltr'><strong>inquit.</strong></span> <span class='ocrx_word' id='word_1_52' title='bbox 501 504 601 543; x_wconf 88' lang='lat' dir='ltr'><strong>Inde</strong></span> <span class='ocrx_word' id='word_1_53' title='bbox 625 506 807 556; x_wconf 81' lang='lat' dir='ltr'>Regnum</span> <span class='ocrx_word' id='word_1_54' title='bbox 842 507 985 546; x_wconf 84' lang='lat' dir='ltr'><em>Aeneae</em></span> <span class='ocrx_word' id='word_1_55' title='bbox 1014 505 1161 552; x_wconf 82' lang='lat' dir='ltr'><strong>censet,</strong></span> <span class='ocrx_word' id='word_1_56' title='bbox 1197 505 1264 547; x_wconf 87' lang='lat' dir='ltr'><strong>sed</strong></span> <span class='ocrx_word' id='word_1_57' title='bbox 1279 506 1452 558; x_wconf 80' lang='lat' dir='ltr'><strong>sblorum</strong></span> <span class='ocrx_word' id='word_1_58' title='bbox 1481 503 1684 556; x_wconf 76' lang='lat' dir='ltr'><strong>hucusque</strong></span> 
     </span>
     <span class='ocr_line' id='line_1_8' title="bbox 303 557 1683 618; baseline 0.001 -21"><span class='ocrx_word' id='word_1_59' title='bbox 303 557 561 598; x_wconf 76' lang='lat' dir='ltr'><em>Troianorum.</em></span> <span class='ocrx_word' id='word_1_60' title='bbox 616 562 726 600; x_wconf 85' lang='lat' dir='ltr'><strong>Haec</strong></span> <span class='ocrx_word' id='word_1_61' title='bbox 743 574 890 613; x_wconf 82' lang='lat' dir='ltr'>nempe</span> <span class='ocrx_word' id='word_1_62' title='bbox 909 564 1023 603; x_wconf 81' lang='lat' dir='ltr'><strong>tertia</strong></span> <span class='ocrx_word' id='word_1_63' title='bbox 1042 561 1098 601; x_wconf 89' lang='lat' dir='ltr'><strong>est</strong></span> <span class='ocrx_word' id='word_1_64' title='bbox 1121 564 1274 618; x_wconf 85' lang='lat' dir='ltr'><em>Virgilii</em></span> <span class='ocrx_word' id='word_1_65' title='bbox 1295 561 1429 614; x_wconf 75' lang='lat' dir='ltr'><strong>Aestas,</strong></span> <span class='ocrx_word' id='word_1_66' title='bbox 1449 574 1550 613; x_wconf 79' lang='lat' dir='ltr'><strong>quae</strong></span> <span class='ocrx_word' id='word_1_67' title='bbox 1569 561 1683 601; x_wconf 84' lang='lat' dir='ltr'><strong>Latio</strong></span> 
     </span>
     <span class='ocr_line' id='line_1_9' title="bbox 304 615 1682 671; baseline 0.004 -21"><span class='ocrx_word' id='word_1_68' title='bbox 304 615 544 668; x_wconf 80' lang='lat' dir='ltr'><strong>3regnantem</strong></span> <span class='ocrx_word' id='word_1_69' title='bbox 569 617 729 656; x_wconf 84' lang='lat' dir='ltr'><em>Aeneam</em></span> <span class='ocrx_word' id='word_1_70' title='bbox 752 617 899 657; x_wconf 84' lang='lat' dir='ltr'><strong>viderit.</strong></span> <span class='ocrx_word' id='word_1_71' title='bbox 955 618 1085 670; x_wconf 78' lang='lat' dir='ltr'><strong>Aestas</strong></span> <span class='ocrx_word' id='word_1_72' title='bbox 1125 619 1232 665; x_wconf 87' lang='lat' dir='ltr'><strong>haec,</strong></span> <span class='ocrx_word' id='word_1_73' title='bbox 1258 633 1328 671; x_wconf 89' lang='lat' dir='ltr'><strong>pro</strong></span> <span class='ocrx_word' id='word_1_74' title='bbox 1356 619 1524 658; x_wconf 83' lang='lat' dir='ltr'><strong>Metonis</strong></span> <span class='ocrx_word' id='word_1_75' title='bbox 1552 619 1682 665; x_wconf 82' lang='lat' dir='ltr'><strong>modo,</strong></span> 
     </span>
     <span class='ocr_line' id='line_1_10' title="bbox 306 667 1685 723; baseline 0.002 -14"><span class='ocrx_word' id='word_1_76' title='bbox 306 667 542 720; x_wconf 71' lang='lat' dir='ltr'><strong>Thucydiden</strong></span> <span class='ocrx_word' id='word_1_77' title='bbox 561 671 744 712; x_wconf 88' lang='lat' dir='ltr'><strong>habenda</strong></span> <span class='ocrx_word' id='word_1_78' title='bbox 762 671 827 720; x_wconf 88' lang='lat' dir='ltr'><strong>est,</strong></span> <span class='ocrx_word' id='word_1_79' title='bbox 853 683 891 711; x_wconf 89' lang='lat' dir='ltr'><strong>vt</strong></span> <span class='ocrx_word' id='word_1_80' title='bbox 908 688 1011 713; x_wconf 81' lang='lat' dir='ltr'><strong>anno</strong></span> <span class='ocrx_word' id='word_1_81' title='bbox 1037 675 1283 716; x_wconf 84' lang='lat' dir='ltr'><em>Troianorum</em></span> <span class='ocrx_word' id='word_1_82' title='bbox 1305 690 1327 713; x_wconf 88' lang='lat' dir='ltr'>a</span> <span class='ocrx_word' id='word_1_83' title='bbox 1345 671 1503 714; x_wconf 79' lang='lat' dir='ltr'><strong>discefl&#39;u</strong></span> <span class='ocrx_word' id='word_1_84' title='bbox 1531 671 1685 723; x_wconf 80' lang='lat' dir='ltr'><strong>exAsia</strong></span> 
     </span>
     <span class='ocr_line' id='line_1_11' title="bbox 304 725 1685 782; baseline 0 -15"><span class='ocrx_word' id='word_1_85' title='bbox 304 730 419 767; x_wconf 82' lang='lat' dir='ltr'><strong>tertio</strong></span> <span class='ocrx_word' id='word_1_86' title='bbox 444 725 712 779; x_wconf 75' lang='lat' dir='ltr'><strong>responderet,</strong></span> <span class='ocrx_word' id='word_1_87' title='bbox 770 731 819 768; x_wconf 83' lang='lat' dir='ltr'><strong>Et</strong></span> <span class='ocrx_word' id='word_1_88' title='bbox 841 729 881 768; x_wconf 88' lang='lat' dir='ltr'><strong>in</strong></span> <span class='ocrx_word' id='word_1_89' title='bbox 898 732 1006 770; x_wconf 86' lang='lat' dir='ltr'><strong>exitu</strong></span> <span class='ocrx_word' id='word_1_90' title='bbox 1024 729 1149 769; x_wconf 84' lang='lat' dir='ltr'><strong>fuerit</strong></span> <span class='ocrx_word' id='word_1_91' title='bbox 1168 740 1334 782; x_wconf 85' lang='lat' dir='ltr'>oportet,</span> <span class='ocrx_word' id='word_1_92' title='bbox 1355 740 1393 768; x_wconf 92' lang='lat' dir='ltr'><strong>vt</strong></span> <span class='ocrx_word' id='word_1_93' title='bbox 1411 742 1534 769; x_wconf 81' lang='lat' dir='ltr'><strong>annus</strong></span> <span class='ocrx_word' id='word_1_94' title='bbox 1554 729 1685 781; x_wconf 80' lang='lat' dir='ltr'><strong>Regni</strong></span> 
     </span>
     <span class='ocr_line' id='line_1_12' title="bbox 306 783 1684 838; baseline 0.001 -17"><span class='ocrx_word' id='word_1_95' title='bbox 306 783 448 822; x_wconf 76' lang='lat' dir='ltr'><strong>Aeneae</strong></span> <span class='ocrx_word' id='word_1_96' title='bbox 473 784 514 823; x_wconf 88' lang='lat' dir='ltr'><strong>in</strong></span> <span class='ocrx_word' id='word_1_97' title='bbox 539 785 720 824; x_wconf 75' lang='lat' dir='ltr'><strong>Troianos</strong></span> <span class='ocrx_word' id='word_1_98' title='bbox 735 784 838 835; x_wconf 71' lang='lat' dir='ltr'><strong>filos</strong></span> <span class='ocrx_word' id='word_1_99' title='bbox 865 785 959 825; x_wconf 87' lang='lat' dir='ltr'><strong>inde</strong></span> <span class='ocrx_word' id='word_1_100' title='bbox 986 787 1229 837; x_wconf 84' lang='lat' dir='ltr'><strong>procederet,</strong></span> <span class='ocrx_word' id='word_1_101' title='bbox 1260 787 1328 837; x_wconf 76' lang='lat' dir='ltr'><strong>qui</strong></span> <span class='ocrx_word' id='word_1_102' title='bbox 1356 797 1487 826; x_wconf 84' lang='lat' dir='ltr'><strong>tamen</strong></span> <span class='ocrx_word' id='word_1_103' title='bbox 1514 796 1684 838; x_wconf 86' lang='lat' dir='ltr'><strong>regnare</strong></span> 
     </span>
     <span class='ocr_line' id='line_1_13' title="bbox 307 840 1685 893; baseline 0.001 -15"><span class='ocrx_word' id='word_1_104' title='bbox 307 849 415 880; x_wconf 83' lang='lat' dir='ltr'><strong>antea</strong></span> <span class='ocrx_word' id='word_1_105' title='bbox 435 853 517 879; x_wconf 88' lang='lat' dir='ltr'><strong>non</strong></span> <span class='ocrx_word' id='word_1_106' title='bbox 535 840 721 893; x_wconf 82' lang='lat' dir='ltr'><strong>coeperit,</strong></span> <span class='ocrx_word' id='word_1_107' title='bbox 751 853 867 891; x_wconf 82' lang='lat' dir='ltr'>quam</span> <span class='ocrx_word' id='word_1_108' title='bbox 891 843 1025 882; x_wconf 76' lang='lat' dir='ltr'><strong>tertius</strong></span> <span class='ocrx_word' id='word_1_109' title='bbox 1044 841 1210 881; x_wconf 82' lang='lat' dir='ltr'><strong>iniretur</strong></span> <span class='ocrx_word' id='word_1_110' title='bbox 1226 848 1245 872; x_wconf 77' lang='lat'>4</span> <span class='ocrx_word' id='word_1_111' title='bbox 1262 842 1331 881; x_wconf 73' lang='grc' dir='ltr'><strong>ἀπδ</strong></span> <span class='ocrx_word' id='word_1_112' title='bbox 1352 846 1413 886; x_wconf 68' lang='grc' dir='ltr'><strong>τῆς</strong></span> <span class='ocrx_word' id='word_1_113' title='bbox 1433 841 1540 889; x_wconf 67' lang='grc' dir='ltr'><strong>ἐξόδες,</strong></span> <span class='ocrx_word' id='word_1_114' title='bbox 1563 852 1685 892; x_wconf 85' lang='lat' dir='ltr'><strong>quem</strong></span> 
     </span>
     <span class='ocr_line' id='line_1_14' title="bbox 305 894 1685 948; baseline -0.001 -12"><span class='ocrx_word' id='word_1_115' title='bbox 305 894 574 936; x_wconf 79' lang='lat' dir='ltr'><strong>Boedromione</strong></span> <span class='ocrx_word' id='word_1_116' title='bbox 601 907 778 935; x_wconf 81' lang='lat' dir='ltr'><strong>exeunte</strong></span> <span class='ocrx_word' id='word_1_117' title='bbox 806 895 919 936; x_wconf 67' lang='lat' dir='ltr'><strong>fuiss‘e</strong></span> <span class='ocrx_word' id='word_1_118' title='bbox 957 898 1131 938; x_wconf 86' lang='lat' dir='ltr'><strong>vidimus.</strong></span> <span class='ocrx_word' id='word_1_119' title='bbox 1187 900 1346 948; x_wconf 83' lang='lat' dir='ltr'><em>Aeneas,</em></span> <span class='ocrx_word' id='word_1_120' title='bbox 1379 911 1423 938; x_wconf 85' lang='lat' dir='ltr'><strong>vt</strong></span> <span class='ocrx_word' id='word_1_121' title='bbox 1447 897 1539 938; x_wconf 78' lang='lat' dir='ltr'><strong>dicit</strong></span> <span class='ocrx_word' id='word_1_122' title='bbox 1577 898 1685 943; x_wconf 82' lang='lat' dir='ltr'><strong>Cato,</strong></span> 
     </span>
     <span class='ocr_line' id='line_1_15' title="bbox 307 949 1686 1006; baseline 0.002 -17"><span class='ocrx_word' id='word_1_123' title='bbox 307 951 444 1002; x_wconf 74' lang='lat' dir='ltr'><strong>(verba</strong></span> <span class='ocrx_word' id='word_1_124' title='bbox 475 949 563 991; x_wconf 85' lang='lat' dir='ltr'><strong>sunt</strong></span> <span class='ocrx_word' id='word_1_125' title='bbox 583 952 727 1006; x_wconf 72' lang='lat' dir='ltr'><strong>Seruii)</strong></span> <span class='ocrx_word' id='word_1_126' title='bbox 748 951 863 1003; x_wconf 81' lang='lat' dir='ltr'><em>fimul</em></span> <span class='ocrx_word' id='word_1_127' title='bbox 891 968 934 994; x_wconf 85' lang='lat' dir='ltr'><strong>ac</strong></span> <span class='ocrx_word' id='word_1_128' title='bbox 958 957 1059 994; x_wconf 82' lang='lat' dir='ltr'><strong>venit</strong></span> <span class='ocrx_word' id='word_1_129' title='bbox 1089 957 1128 993; x_wconf 90' lang='lat' dir='ltr'><strong>in</strong></span> <span class='ocrx_word' id='word_1_130' title='bbox 1152 954 1313 1002; x_wconf 80' lang='lat' dir='ltr'><strong>Italiam,</strong></span> <span class='ocrx_word' id='word_1_131' title='bbox 1334 955 1530 1005; x_wconf 75' lang='lat' dir='ltr'><strong>Lauiniam</strong></span> <span class='ocrx_word' id='word_1_132' title='bbox 1549 955 1686 1006; x_wconf 77' lang='lat' dir='ltr'><strong>accepit.</strong></span> 
     </span>
     <span class='ocr_line' id='line_1_16' title="bbox 307 1008 1684 1057; baseline -0.001 -10"><span class='ocrx_word' id='word_1_133' title='bbox 307 1021 475 1047; x_wconf 81' lang='lat' dir='ltr'><strong>vxorem.</strong></span> <span class='ocrx_word' id='word_1_134' title='bbox 536 1011 646 1049; x_wconf 89' lang='lat' dir='ltr'><strong>Haec</strong></span> <span class='ocrx_word' id='word_1_135' title='bbox 677 1020 699 1047; x_wconf 89' lang='lat' dir='ltr'><strong>e</strong></span> <span class='ocrx_word' id='word_1_136' title='bbox 724 1010 870 1057; x_wconf 84' lang='lat' dir='ltr'><strong>Catone,</strong></span> <span class='ocrx_word' id='word_1_137' title='bbox 900 1011 1007 1050; x_wconf 77' lang='lat' dir='ltr'><strong>cuius</strong></span> <span class='ocrx_word' id='word_1_138' title='bbox 1033 1009 1152 1050; x_wconf 82' lang='lat' dir='ltr'><strong>fidem</strong></span> <span class='ocrx_word' id='word_1_139' title='bbox 1170 1009 1322 1050; x_wconf 79' lang='lat' dir='ltr'><strong>secutus</strong></span> <span class='ocrx_word' id='word_1_140' title='bbox 1342 1008 1406 1057; x_wconf 90' lang='lat' dir='ltr'><strong>est,</strong></span> <span class='ocrx_word' id='word_1_141' title='bbox 1436 1009 1569 1050; x_wconf 83' lang='lat' dir='ltr'><strong>hocin</strong></span> <span class='ocrx_word' id='word_1_142' title='bbox 1588 1011 1684 1056; x_wconf 89' lang='lat' dir='ltr'><strong>loco,</strong></span> 
     </span>
     <span class='ocr_line' id='line_1_17' title="bbox 306 1061 1690 1118; baseline 0 -15"><span class='ocrx_word' id='word_1_143' title='bbox 306 1061 521 1114; x_wconf 66' lang='lat' dir='ltr'><strong>Diony-stus,</strong></span> <span class='ocrx_word' id='word_1_144' title='bbox 538 1077 592 1102; x_wconf 86' lang='lat' dir='ltr'><strong>ne</strong></span> <span class='ocrx_word' id='word_1_145' title='bbox 613 1064 847 1113; x_wconf 80' lang='lat' dir='ltr'><strong>dubitemus,</strong></span> <span class='ocrx_word' id='word_1_146' title='bbox 869 1063 1025 1106; x_wconf 78' lang='lat' dir='ltr'><strong>easdem</strong></span> <span class='ocrx_word' id='word_1_147' title='bbox 1046 1066 1221 1118; x_wconf 79' lang='lat' dir='ltr'><strong>Dionyfi&#39;z&#39;</strong></span> <span class='ocrx_word' id='word_1_148' title='bbox 1240 1064 1353 1107; x_wconf 80' lang='lat' dir='ltr'><strong>fuifl&#39;e</strong></span> <span class='ocrx_word' id='word_1_149' title='bbox 1373 1065 1551 1106; x_wconf 86' lang='lat' dir='ltr'><strong>rationes.</strong></span> <span class='ocrx_word' id='word_1_150' title='bbox 1601 1065 1690 1105; x_wconf 64' lang='grc' dir='ltr'><strong>Ντι·Δ</strong></span> 
     </span>
     <span class='ocr_line' id='line_1_18' title="bbox 301 1119 1685 1176; baseline 0 -17"><span class='ocrx_word' id='word_1_151' title='bbox 301 1121 406 1174; x_wconf 74' lang='lat' dir='ltr'><strong>ptine</strong></span> <span class='ocrx_word' id='word_1_152' title='bbox 434 1132 532 1172; x_wconf 83' lang='lat' dir='ltr'><strong>ergo</strong></span> <span class='ocrx_word' id='word_1_153' title='bbox 557 1133 661 1160; x_wconf 80' lang='lat' dir='ltr'><strong>anno</strong></span> <span class='ocrx_word' id='word_1_154' title='bbox 676 1119 891 1172; x_wconf 66' lang='lat' dir='ltr'><strong>fitperiori,</strong></span> <span class='ocrx_word' id='word_1_155' title='bbox 920 1122 1193 1176; x_wconf 82' lang='lat' dir='ltr'><strong>Thargelione</strong></span> <span class='ocrx_word' id='word_1_156' title='bbox 1220 1136 1384 1171; x_wconf 83' lang='lat' dir='ltr'><strong>exeunte,</strong></span> <span class='ocrx_word' id='word_1_157' title='bbox 1413 1122 1473 1160; x_wconf 89' lang='lat' dir='ltr'><strong>vel</strong></span> <span class='ocrx_word' id='word_1_158' title='bbox 1494 1121 1685 1174; x_wconf 81' lang='lat' dir='ltr'><strong>Sciropho-</strong></span> 
     </span>
     <span class='ocr_line' id='line_1_19' title="bbox 306 1175 1686 1233; baseline 0.001 -19"><span class='ocrx_word' id='word_1_159' title='bbox 306 1177 420 1215; x_wconf 83' lang='lat' dir='ltr'><strong>rione.</strong></span> <span class='ocrx_word' id='word_1_160' title='bbox 482 1176 581 1215; x_wconf 71' lang='lat' dir='ltr'><strong>Inde</strong></span> <span class='ocrx_word' id='word_1_161' title='bbox 600 1179 757 1217; x_wconf 78' lang='lat' dir='ltr'><em>Aeneam</em></span> <span class='ocrx_word' id='word_1_162' title='bbox 774 1180 872 1230; x_wconf 85' lang='lat' dir='ltr'><em>apud</em></span> <span class='ocrx_word' id='word_1_163' title='bbox 892 1180 1066 1219; x_wconf 75' lang='lat' dir='ltr'><strong>Latinum</strong></span> <span class='ocrx_word' id='word_1_164' title='bbox 1097 1181 1138 1218; x_wconf 86' lang='lat' dir='ltr'><strong>in</strong></span> <span class='ocrx_word' id='word_1_165' title='bbox 1167 1175 1459 1233; x_wconf 70' lang='lat' dir='ltr'><strong>hospisiofuzffi,</strong></span> <span class='ocrx_word' id='word_1_166' title='bbox 1493 1177 1607 1216; x_wconf 85' lang='lat' dir='ltr'>tradit</span> <span class='ocrx_word' id='word_1_167' title='bbox 1626 1178 1686 1216; x_wconf 88' lang='lat' dir='ltr'><strong>Li-</strong></span> 
     </span>
     <span class='ocr_line' id='line_1_20' title="bbox 305 1233 1687 1287; baseline 0.001 -16"><span class='ocrx_word' id='word_1_168' title='bbox 305 1235 403 1271; x_wconf 82' lang='lat' dir='ltr'><strong>vius.</strong></span> <span class='ocrx_word' id='word_1_169' title='bbox 463 1233 569 1271; x_wconf 87' lang='lat' dir='ltr'><strong>Tum</strong></span> <span class='ocrx_word' id='word_1_170' title='bbox 598 1235 770 1284; x_wconf 78' lang='lat' dir='ltr'><strong>oppidum</strong></span> <span class='ocrx_word' id='word_1_171' title='bbox 800 1236 968 1282; x_wconf 80' lang='lat' dir='ltr'><strong>condunt,</strong></span> <span class='ocrx_word' id='word_1_172' title='bbox 998 1235 1103 1285; x_wconf 88' lang='lat' dir='ltr'><strong>quod</strong></span> <span class='ocrx_word' id='word_1_173' title='bbox 1120 1239 1138 1265; x_wconf 88' lang='lat'>5</span> <span class='ocrx_word' id='word_1_174' title='bbox 1155 1237 1292 1287; x_wconf 46' lang='lat' dir='ltr'><strong>Aeneae</strong></span> <span class='ocrx_word' id='word_1_175' title='bbox 1320 1235 1365 1275; x_wconf 80' lang='lat' dir='ltr'><strong>ab</strong></span> <span class='ocrx_word' id='word_1_176' title='bbox 1392 1236 1536 1273; x_wconf 82' lang='lat' dir='ltr'><strong>nomine</strong></span> <span class='ocrx_word' id='word_1_177' title='bbox 1554 1235 1687 1273; x_wconf 72' lang='lat' dir='ltr'><strong>vxoris·</strong></span> 
     </span>
     <span class='ocr_line' id='line_1_21' title="bbox 306 1288 1687 1343; baseline 0.001 -16"><span class='ocrx_word' id='word_1_178' title='bbox 306 1288 507 1328; x_wconf 83' lang='lat' dir='ltr'><strong>Lauinium</strong></span> <span class='ocrx_word' id='word_1_179' title='bbox 536 1289 751 1339; x_wconf 75' lang='lat' dir='ltr'><strong>appellarit,</strong></span> <span class='ocrx_word' id='word_1_180' title='bbox 790 1292 932 1330; x_wconf 84' lang='lat' dir='ltr'><strong>eodem</strong></span> <span class='ocrx_word' id='word_1_181' title='bbox 967 1290 1063 1328; x_wconf 89' lang='lat' dir='ltr'><strong>teste</strong></span> <span class='ocrx_word' id='word_1_182' title='bbox 1094 1291 1211 1330; x_wconf 77' lang='lat' dir='ltr'><strong>Liuio,</strong></span> <span class='ocrx_word' id='word_1_183' title='bbox 1280 1291 1433 1343; x_wconf 78' lang='lat' dir='ltr'><strong>Coepta</strong></span> <span class='ocrx_word' id='word_1_184' title='bbox 1460 1302 1556 1342; x_wconf 78' lang='lat' dir='ltr'><strong>ergo</strong></span> <span class='ocrx_word' id='word_1_185' title='bbox 1585 1290 1687 1329; x_wconf 79' lang='lat' dir='ltr'><strong>Vrbs</strong></span> 
     </span>
     <span class='ocr_line' id='line_1_22' title="bbox 309 1343 1687 1397; baseline 0.001 -13"><span class='ocrx_word' id='word_1_186' title='bbox 309 1357 415 1384; x_wconf 83' lang='lat' dir='ltr'><strong>anno</strong></span> <span class='ocrx_word' id='word_1_187' title='bbox 427 1343 622 1397; x_wconf 72' lang='lat' dir='ltr'><em>superiori</em></span> <span class='ocrx_word' id='word_1_188' title='bbox 641 1358 804 1385; x_wconf 84' lang='lat' dir='ltr'><strong>exeunte.</strong></span> <span class='ocrx_word' id='word_1_189' title='bbox 860 1347 1047 1385; x_wconf 82' lang='lat' dir='ltr'><strong>Nondum</strong></span> <span class='ocrx_word' id='word_1_190' title='bbox 1067 1357 1197 1386; x_wconf 82' lang='lat' dir='ltr'><strong>tamen</strong></span> <span class='ocrx_word' id='word_1_191' title='bbox 1216 1347 1298 1387; x_wconf 82' lang='lat' dir='ltr'><strong>Rex</strong></span> <span class='ocrx_word' id='word_1_192' title='bbox 1318 1349 1468 1392; x_wconf 80' lang='lat' dir='ltr'><strong>Aeneas,</strong></span> <span class='ocrx_word' id='word_1_193' title='bbox 1498 1346 1591 1386; x_wconf 82' lang='lat' dir='ltr'><strong>dum</strong></span> <span class='ocrx_word' id='word_1_194' title='bbox 1609 1357 1687 1385; x_wconf 88' lang='lat' dir='ltr'><strong>ma-</strong></span> 
     </span>
     <span class='ocr_line' id='line_1_23' title="bbox 310 1399 1688 1456; baseline 0.001 -18"><span class='ocrx_word' id='word_1_195' title='bbox 310 1413 386 1440; x_wconf 88' lang='lat' dir='ltr'><strong>nus</strong></span> <span class='ocrx_word' id='word_1_196' title='bbox 404 1400 534 1440; x_wconf 76' lang='lat' dir='ltr'><strong>vltz&#39;ma</strong></span> <span class='ocrx_word' id='word_1_197' title='bbox 562 1402 670 1451; x_wconf 89' lang='lat' dir='ltr'><strong>operi</strong></span> <span class='ocrx_word' id='word_1_198' title='bbox 697 1401 873 1455; x_wconf 76' lang='lat' dir='ltr'><strong>impolita</strong></span> <span class='ocrx_word' id='word_1_199' title='bbox 893 1400 1000 1450; x_wconf 79' lang='lat' dir='ltr'><strong>effer,</strong></span> <span class='ocrx_word' id='word_1_200' title='bbox 1022 1402 1084 1442; x_wconf 77' lang='lat' dir='ltr'><strong>vbi</strong></span> <span class='ocrx_word' id='word_1_201' title='bbox 1113 1414 1310 1456; x_wconf 82' lang='lat' dir='ltr'><strong>regnaret.</strong></span> <span class='ocrx_word' id='word_1_202' title='bbox 1369 1399 1584 1453; x_wconf 79' lang='lat' dir='ltr'><strong>Hucusque</strong></span> <span class='ocrx_word' id='word_1_203' title='bbox 1603 1411 1688 1440; x_wconf 87' lang='lat' dir='ltr'><strong>erat</strong></span> 
     </span>
     <span class='ocr_line' id='line_1_24' title="bbox 306 1455 1692 1511; baseline 0.002 -17"><span class='ocrx_word' id='word_1_204' title='bbox 306 1456 350 1494; x_wconf 83' lang='lat' dir='ltr'><strong>in</strong></span> <span class='ocrx_word' id='word_1_205' title='bbox 380 1455 540 1508; x_wconf 77' lang='lat' dir='ltr'><strong>hospitio</strong></span> <span class='ocrx_word' id='word_1_206' title='bbox 569 1457 709 1496; x_wconf 83' lang='lat' dir='ltr'><strong>Latini.</strong></span> <span class='ocrx_word' id='word_1_207' title='bbox 765 1458 865 1497; x_wconf 89' lang='lat' dir='ltr'><strong>Inde</strong></span> <span class='ocrx_word' id='word_1_208' title='bbox 887 1457 977 1511; x_wconf 77' lang='lat' dir='ltr'><strong>sime</strong></span> <span class='ocrx_word' id='word_1_209' title='bbox 1004 1459 1160 1498; x_wconf 81' lang='lat' dir='ltr'><strong>ditionis</strong></span> <span class='ocrx_word' id='word_1_210' title='bbox 1179 1459 1281 1506; x_wconf 85' lang='lat' dir='ltr'><strong>Rex,</strong></span> <span class='ocrx_word' id='word_1_211' title='bbox 1320 1456 1387 1499; x_wconf 86' lang='lat' dir='ltr'><strong>sed</strong></span> <span class='ocrx_word' id='word_1_212' title='bbox 1415 1457 1692 1498; x_wconf 82' lang='lat' dir='ltr'><strong>tantummodo.</strong></span> 
     </span>
     <span class='ocr_line' id='line_1_25' title="bbox 309 1511 1687 1566; baseline -0.001 -14"><span class='ocrx_word' id='word_1_213' title='bbox 309 1511 568 1560; x_wconf 80' lang='lat' dir='ltr'><em>Troianorum,</em></span> <span class='ocrx_word' id='word_1_214' title='bbox 595 1515 661 1563; x_wconf 85' lang='lat' dir='ltr'><strong>qui</strong></span> <span class='ocrx_word' id='word_1_215' title='bbox 682 1514 860 1555; x_wconf 85' lang='lat' dir='ltr'><strong>nondum</strong></span> <span class='ocrx_word' id='word_1_216' title='bbox 887 1515 926 1552; x_wconf 88' lang='lat' dir='ltr'><strong>in</strong></span> <span class='ocrx_word' id='word_1_217' title='bbox 949 1529 1060 1554; x_wconf 82' lang='lat' dir='ltr'><strong>vnam</strong></span> <span class='ocrx_word' id='word_1_218' title='bbox 1080 1525 1244 1566; x_wconf 82' lang='lat' dir='ltr'><strong>gentem</strong></span> <span class='ocrx_word' id='word_1_219' title='bbox 1277 1515 1501 1555; x_wconf 77' lang='lat' dir='ltr'><strong>coaluerant</strong></span> <span class='ocrx_word' id='word_1_220' title='bbox 1519 1513 1687 1552; x_wconf 79' lang='lat' dir='ltr'>cumLa-</span> 
     </span>
     <span class='ocr_line' id='line_1_26' title="bbox 309 1568 1686 1624; baseline 0.002 -18"><span class='ocrx_word' id='word_1_221' title='bbox 309 1569 414 1608; x_wconf 80' lang='lat' dir='ltr'><strong>tinis.</strong></span> <span class='ocrx_word' id='word_1_222' title='bbox 468 1569 594 1609; x_wconf 82' lang='lat' dir='ltr'><strong>Tertia</strong></span> <span class='ocrx_word' id='word_1_223' title='bbox 620 1568 747 1621; x_wconf 81' lang='lat' dir='ltr'><strong>Aestas</strong></span> <span class='ocrx_word' id='word_1_224' title='bbox 776 1571 824 1610; x_wconf 85' lang='lat' dir='ltr'><strong>ab</strong></span> <span class='ocrx_word' id='word_1_225' title='bbox 850 1568 973 1610; x_wconf 82' lang='lat' dir='ltr'><strong>excisa</strong></span> <span class='ocrx_word' id='word_1_226' title='bbox 999 1571 1115 1610; x_wconf 83' lang='lat' dir='ltr'><strong>Troia</strong></span> <span class='ocrx_word' id='word_1_227' title='bbox 1142 1584 1247 1610; x_wconf 84' lang='lat' dir='ltr'><strong>anno</strong></span> <span class='ocrx_word' id='word_1_228' title='bbox 1272 1570 1382 1624; x_wconf 86' lang='lat' dir='ltr'><strong>Cycli</strong></span> <span class='ocrx_word' id='word_1_229' title='bbox 1408 1570 1597 1610; x_wconf 76' lang='lat' dir='ltr'><strong>Metonici</strong></span> <span class='ocrx_word' id='word_1_230' title='bbox 1622 1571 1686 1609; x_wconf 88' lang='lat' dir='ltr'><strong>XI.</strong></span> 
     </span>
     <span class='ocr_line' id='line_1_27' title="bbox 308 1622 1690 1678; baseline 0 -14"><span class='ocrx_word' id='word_1_231' title='bbox 308 1622 382 1670; x_wconf 86' lang='lat' dir='ltr'><strong>est,</strong></span> <span class='ocrx_word' id='word_1_232' title='bbox 412 1624 629 1678; x_wconf 80' lang='lat' dir='ltr'><strong>incipitque</strong></span> <span class='ocrx_word' id='word_1_233' title='bbox 655 1641 676 1665; x_wconf 82' lang='lat' dir='ltr'><strong>a</strong></span> <span class='ocrx_word' id='word_1_234' title='bbox 693 1625 798 1665; x_wconf 84' lang='lat' dir='ltr'><strong>Iunii</strong></span> <span class='ocrx_word' id='word_1_235' title='bbox 821 1626 958 1665; x_wconf 82' lang='lat' dir='ltr'><strong>Iuliani</strong></span> <span class='ocrx_word' id='word_1_236' title='bbox 978 1627 1043 1666; x_wconf 91' lang='lat' dir='ltr'><strong>die</strong></span> <span class='ocrx_word' id='word_1_237' title='bbox 1060 1629 1198 1667; x_wconf 83' lang='lat' dir='ltr'><strong>XXVI.</strong></span> <span class='ocrx_word' id='word_1_238' title='bbox 1229 1625 1368 1666; x_wconf 82' lang='lat' dir='ltr'><strong>definit</strong></span> <span class='ocrx_word' id='word_1_239' title='bbox 1387 1635 1519 1666; x_wconf 87' lang='lat' dir='ltr'><strong>autem</strong></span> <span class='ocrx_word' id='word_1_240' title='bbox 1536 1626 1690 1678; x_wconf 84' lang='lat' dir='ltr'><strong>Septem-</strong></span> 
     </span>
     <span class='ocr_line' id='line_1_28' title="bbox 310 1678 1687 1732; baseline 0.001 -14"><span class='ocrx_word' id='word_1_241' title='bbox 310 1678 392 1720; x_wconf 80' lang='lat' dir='ltr'><strong>bris</strong></span> <span class='ocrx_word' id='word_1_242' title='bbox 420 1682 558 1721; x_wconf 80' lang='lat' dir='ltr'><strong>Iuliani</strong></span> <span class='ocrx_word' id='word_1_243' title='bbox 586 1681 650 1721; x_wconf 89' lang='lat' dir='ltr'><strong>die</strong></span> <span class='ocrx_word' id='word_1_244' title='bbox 670 1684 750 1722; x_wconf 83' lang='lat' dir='ltr'><strong>XX.</strong></span> <span class='ocrx_word' id='word_1_245' title='bbox 783 1682 850 1732; x_wconf 90' lang='lat' dir='ltr'><strong>qui</strong></span> <span class='ocrx_word' id='word_1_246' title='bbox 875 1682 983 1721; x_wconf 84' lang='lat' dir='ltr'><strong>idem</strong></span> <span class='ocrx_word' id='word_1_247' title='bbox 1011 1683 1298 1723; x_wconf 81' lang='lat' dir='ltr'><strong>Boedromionis</strong></span> <span class='ocrx_word' id='word_1_248' title='bbox 1318 1682 1437 1722; x_wconf 87' lang='lat' dir='ltr'><strong>Attici</strong></span> <span class='ocrx_word' id='word_1_249' title='bbox 1458 1684 1687 1721; x_wconf 67' lang='lat' dir='ltr'><strong>XXX-erat.</strong></span> 
     </span>
     <span class='ocr_line' id='line_1_29' title="bbox 309 1733 1689 1791; baseline 0.001 -15"><span class='ocrx_word' id='word_1_250' title='bbox 309 1740 348 1775; x_wconf 84' lang='lat' dir='ltr'><strong>A</strong></span> <span class='ocrx_word' id='word_1_251' title='bbox 369 1733 448 1787; x_wconf 85' lang='lat' dir='ltr'><strong>fine</strong></span> <span class='ocrx_word' id='word_1_252' title='bbox 473 1737 610 1790; x_wconf 80' lang='lat' dir='ltr'><strong>incipit</strong></span> <span class='ocrx_word' id='word_1_253' title='bbox 639 1751 764 1780; x_wconf 78' lang='lat' dir='ltr'><strong>annus</strong></span> <span class='ocrx_word' id='word_1_254' title='bbox 790 1740 928 1778; x_wconf 78' lang='lat' dir='ltr'><strong>Aeneae</strong></span> <span class='ocrx_word' id='word_1_255' title='bbox 947 1741 978 1780; x_wconf 89' lang='grc' dir='ltr'><strong>Ι.</strong></span> <span class='ocrx_word' id='word_1_256' title='bbox 1011 1751 1131 1791; x_wconf 83' lang='lat' dir='ltr'><strong>quem</strong></span> <span class='ocrx_word' id='word_1_257' title='bbox 1152 1751 1372 1779; x_wconf 84' lang='lat' dir='ltr'><strong>communem</strong></span> <span class='ocrx_word' id='word_1_258' title='bbox 1408 1735 1524 1778; x_wconf 83' lang='lat' dir='ltr'><strong>fuiss&#39;e</strong></span> <span class='ocrx_word' id='word_1_259' title='bbox 1552 1737 1689 1777; x_wconf 88' lang='lat' dir='ltr'><strong>volunt</strong></span> 
     </span>
     <span class='ocr_line' id='line_1_30' title="bbox 307 1794 573 1835; baseline 0.015 -4"><span class='ocrx_word' id='word_1_260' title='bbox 307 1804 396 1832; x_wconf 88' lang='lat' dir='ltr'><strong>cum</strong></span> <span class='ocrx_word' id='word_1_261' title='bbox 420 1794 573 1835; x_wconf 75' lang='lat' dir='ltr'><strong>Latino.</strong></span> 
     </span>
    </p>

    <p class='ocr_par' dir='ltr' id='par_1_4' title="bbox 300 1845 1695 2638">
     <span class='ocr_line' id='line_1_31' title="bbox 425 1845 1691 1903; baseline -0.003 -11"><span class='ocrx_word' id='word_1_262' title='bbox 425 1855 541 1901; x_wconf 81' lang='lat'>1181.</span> <span class='ocrx_word' id='word_1_263' title='bbox 580 1845 712 1891; x_wconf 82' lang='lat' dir='ltr'><strong>Verba</strong></span> <span class='ocrx_word' id='word_1_264' title='bbox 738 1849 918 1903; x_wconf 78' lang='lat' dir='ltr'><strong>Dionyfi&#39;i</strong></span> <span class='ocrx_word' id='word_1_265' title='bbox 946 1846 1053 1891; x_wconf 66' lang='lat' dir='ltr'><strong>sunt:</strong></span> <span class='ocrx_word' id='word_1_266' title='bbox 1101 1853 1156 1897; x_wconf 74' lang='grc' dir='ltr'><strong>Τῷ</strong></span> <span class='ocrx_word' id='word_1_267' title='bbox 1182 1849 1220 1890; x_wconf 68' lang='grc' dir='ltr'><strong>δὲ</strong></span> <span class='ocrx_word' id='word_1_268' title='bbox 1249 1848 1403 1897; x_wconf 67' lang='grc' dir='ltr'><strong>τετάρτῳ</strong></span> <span class='ocrx_word' id='word_1_269' title='bbox 1434 1846 1691 1893; x_wconf 63' lang='grc' dir='ltr'><strong><em>τελευτήσαντας</em></strong></span> 
     </span>
     <span class='ocr_line' id='line_1_32' title="bbox 310 1904 1688 1954; baseline 0.001 -12"><span class='ocrx_word' id='word_1_270' title='bbox 310 1911 445 1952; x_wconf 63' lang='lat' dir='ltr'><strong>Aea-rive,</strong></span> <span class='ocrx_word' id='word_1_271' title='bbox 474 1905 529 1949; x_wconf 64' lang='lat' dir='ltr'><strong>nov}</strong></span> <span class='ocrx_word' id='word_1_272' title='bbox 551 1904 613 1950; x_wconf 53' lang='lat' dir='ltr'><strong>‘miv</strong></span> <span class='ocrx_word' id='word_1_273' title='bbox 642 1910 740 1944; x_wconf 66' lang='grc' dir='ltr'><strong>ἐκεὶνκ</strong></span> <span class='ocrx_word' id='word_1_274' title='bbox 771 1914 942 1953; x_wconf 55' lang='lat' dir='ltr'><strong>fixo-cmlxv</strong></span> <span class='ocrx_word' id='word_1_275' title='bbox 960 1906 1227 1954; x_wconf 65' lang='grc' dir='ltr'><strong>παραλαμβάνει.</strong></span> <span class='ocrx_word' id='word_1_276' title='bbox 1286 1910 1394 1947; x_wconf 81' lang='lat' dir='ltr'><strong>Haec</strong></span> <span class='ocrx_word' id='word_1_277' title='bbox 1411 1907 1478 1945; x_wconf 74' lang='lat' dir='ltr'><strong>ille</strong></span> <span class='ocrx_word' id='word_1_278' title='bbox 1497 1906 1547 1944; x_wconf 78' lang='lat' dir='ltr'><strong>de</strong></span> <span class='ocrx_word' id='word_1_279' title='bbox 1558 1906 1688 1947; x_wconf 82' lang='lat' dir='ltr'><strong>Aenea.</strong></span> 
     </span>
     <span class='ocr_line' id='line_1_33' title="bbox 311 1959 1691 2016; baseline 0.001 -18"><span class='ocrx_word' id='word_1_280' title='bbox 311 1959 489 2014; x_wconf 65' lang='lat' dir='ltr'><strong>Quartus</strong></span> <span class='ocrx_word' id='word_1_281' title='bbox 516 1962 563 2001; x_wconf 83' lang='lat' dir='ltr'><strong>ab</strong></span> <span class='ocrx_word' id='word_1_282' title='bbox 588 1961 646 2000; x_wconf 79' lang='lat' dir='ltr'><strong>Ilii</strong></span> <span class='ocrx_word' id='word_1_283' title='bbox 675 1963 826 2003; x_wconf 73' lang='lat' dir='ltr'><strong>excidio</strong></span> <span class='ocrx_word' id='word_1_284' title='bbox 861 1977 986 2003; x_wconf 82' lang='lat' dir='ltr'><strong>annus</strong></span> <span class='ocrx_word' id='word_1_285' title='bbox 1018 1964 1128 2016; x_wconf 87' lang='lat' dir='ltr'><strong>Cycli</strong></span> <span class='ocrx_word' id='word_1_286' title='bbox 1154 1965 1340 2004; x_wconf 82' lang='lat' dir='ltr'><strong>Metonici</strong></span> <span class='ocrx_word' id='word_1_287' title='bbox 1368 1965 1453 2003; x_wconf 86' lang='lat' dir='ltr'><strong>XII.</strong></span> <span class='ocrx_word' id='word_1_288' title='bbox 1482 1970 1583 2008; x_wconf 87' lang='lat' dir='ltr'><strong>erat,</strong></span> <span class='ocrx_word' id='word_1_289' title='bbox 1620 1961 1691 2012; x_wconf 86' lang='lat' dir='ltr'><strong>qui</strong></span> 
     </span>
     <span class='ocr_line' id='line_1_34' title="bbox 312 2014 1691 2071; baseline -0.001 -14"><span class='ocrx_word' id='word_1_290' title='bbox 312 2031 335 2057; x_wconf 86' lang='lat' dir='ltr'><strong>a</strong></span> <span class='ocrx_word' id='word_1_291' title='bbox 353 2017 444 2056; x_wconf 79' lang='lat' dir='ltr'><strong>Iulii</strong></span> <span class='ocrx_word' id='word_1_292' title='bbox 461 2017 600 2058; x_wconf 72' lang='lat' dir='ltr'><strong>Iuliani</strong></span> <span class='ocrx_word' id='word_1_293' title='bbox 620 2017 685 2058; x_wconf 84' lang='lat' dir='ltr'><strong>die</strong></span> <span class='ocrx_word' id='word_1_294' title='bbox 705 2018 841 2071; x_wconf 83' lang='lat' dir='ltr'><strong>incipit</strong></span> <span class='ocrx_word' id='word_1_295' title='bbox 853 2021 958 2059; x_wconf 86' lang='lat' dir='ltr'><strong>XIV.</strong></span> <span class='ocrx_word' id='word_1_296' title='bbox 1016 2019 1094 2060; x_wconf 85' lang='lat' dir='ltr'><strong>Sed</strong></span> <span class='ocrx_word' id='word_1_297' title='bbox 1115 2030 1295 2070; x_wconf 83' lang='lat' dir='ltr'><strong>quartum</strong></span> <span class='ocrx_word' id='word_1_298' title='bbox 1312 2018 1442 2070; x_wconf 85' lang='lat' dir='ltr'><strong>potius</strong></span> <span class='ocrx_word' id='word_1_299' title='bbox 1455 2017 1523 2057; x_wconf 57' lang='grc' dir='ltr'><strong>ἄπο*</strong></span> <span class='ocrx_word' id='word_1_300' title='bbox 1545 2019 1606 2060; x_wconf 66' lang='grc' dir='ltr'><strong>τῆς</strong></span> <span class='ocrx_word' id='word_1_301' title='bbox 1619 2014 1691 2064; x_wconf 74' lang='grc' dir='ltr'><strong>ἐξέ-</strong></span> 
     </span>
     <span class='ocr_line' id='line_1_35' title="bbox 313 2072 1689 2128; baseline 0 -17"><span class='ocrx_word' id='word_1_302' title='bbox 313 2076 351 2111; x_wconf 64' lang='lat'><strong>32&lt;</strong></span> <span class='ocrx_word' id='word_1_303' title='bbox 380 2088 401 2113; x_wconf 83' lang='lat' dir='ltr'>a</span> <span class='ocrx_word' id='word_1_304' title='bbox 419 2072 598 2125; x_wconf 64' lang='lat' dir='ltr'><strong>Dionyfio</strong></span> <span class='ocrx_word' id='word_1_305' title='bbox 618 2073 799 2127; x_wconf 83' lang='lat' dir='ltr'><strong>intelligi,</strong></span> <span class='ocrx_word' id='word_1_306' title='bbox 828 2088 850 2113; x_wconf 91' lang='lat' dir='ltr'><strong>e</strong></span> <span class='ocrx_word' id='word_1_307' title='bbox 869 2088 976 2114; x_wconf 79' lang='lat' dir='ltr'><strong>nexu</strong></span> <span class='ocrx_word' id='word_1_308' title='bbox 1006 2075 1221 2128; x_wconf 84' lang='lat' dir='ltr'><strong>colligimus</strong></span> <span class='ocrx_word' id='word_1_309' title='bbox 1239 2089 1326 2115; x_wconf 80' lang='lat' dir='ltr'><strong>cum</strong></span> <span class='ocrx_word' id='word_1_310' title='bbox 1351 2072 1689 2127; x_wconf 79' lang='lat' dir='ltr'><strong>praecedentibus.</strong></span> 
     </span>
     <span class='ocr_line' id='line_1_36' title="bbox 313 2126 1691 2184; baseline -0.001 -16"><span class='ocrx_word' id='word_1_311' title='bbox 313 2129 370 2168; x_wconf 84' lang='lat' dir='ltr'><strong>Ita</strong></span> <span class='ocrx_word' id='word_1_312' title='bbox 388 2128 471 2181; x_wconf 79' lang='lat' dir='ltr'><strong>post</strong></span> <span class='ocrx_word' id='word_1_313' title='bbox 489 2128 608 2169; x_wconf 78' lang='lat' dir='ltr'><strong>finem</strong></span> <span class='ocrx_word' id='word_1_314' title='bbox 621 2129 921 2177; x_wconf 69' lang='lat' dir='ltr'><strong>Boedromionis,</strong></span> <span class='ocrx_word' id='word_1_315' title='bbox 939 2130 1177 2184; x_wconf 65' lang='lat' dir='ltr'><strong>Oc‘lohr&#39;ifque</strong></span> <span class='ocrx_word' id='word_1_316' title='bbox 1186 2130 1325 2171; x_wconf 85' lang='lat' dir='ltr'><strong>Iuliani</strong></span> <span class='ocrx_word' id='word_1_317' title='bbox 1341 2132 1406 2169; x_wconf 83' lang='lat' dir='ltr'><strong>IX.</strong></span> <span class='ocrx_word' id='word_1_318' title='bbox 1425 2129 1541 2175; x_wconf 84' lang='lat' dir='ltr'><strong>diem,</strong></span> <span class='ocrx_word' id='word_1_319' title='bbox 1559 2126 1691 2182; x_wconf 87' lang='lat' dir='ltr'><strong>super-</strong></span> 
     </span>
     <span class='ocr_line' id='line_1_37' title="bbox 313 2183 1691 2239; baseline 0 -17"><span class='ocrx_word' id='word_1_320' title='bbox 313 2183 387 2222; x_wconf 85' lang='lat' dir='ltr'><strong>stes</strong></span> <span class='ocrx_word' id='word_1_321' title='bbox 410 2183 530 2225; x_wconf 73' lang='lat' dir='ltr'><strong>fuerit</strong></span> <span class='ocrx_word' id='word_1_322' title='bbox 549 2187 716 2235; x_wconf 77' lang='lat' dir='ltr'><strong>Latinus,</strong></span> <span class='ocrx_word' id='word_1_323' title='bbox 737 2197 773 2225; x_wconf 73' lang='lat' dir='ltr'><strong>vt</strong></span> <span class='ocrx_word' id='word_1_324' title='bbox 791 2200 933 2226; x_wconf 80' lang='lat' dir='ltr'><strong>annum</strong></span> <span class='ocrx_word' id='word_1_325' title='bbox 956 2188 1123 2239; x_wconf 84' lang='lat' dir='ltr'><strong>implere</strong></span> <span class='ocrx_word' id='word_1_326' title='bbox 1141 2186 1315 2239; x_wconf 83' lang='lat' dir='ltr'><strong>potuerit</strong></span> <span class='ocrx_word' id='word_1_327' title='bbox 1329 2187 1470 2225; x_wconf 80' lang='lat' dir='ltr'><strong>Aeneas</strong></span> <span class='ocrx_word' id='word_1_328' title='bbox 1488 2185 1529 2223; x_wconf 88' lang='lat' dir='ltr'><strong>in</strong></span> <span class='ocrx_word' id='word_1_329' title='bbox 1550 2186 1691 2236; x_wconf 84' lang='lat' dir='ltr'><strong>Regno</strong></span> 
     </span>
     <span class='ocr_line' id='line_1_38' title="bbox 300 2239 1694 2296; baseline 0 -18"><span class='ocrx_word' id='word_1_330' title='bbox 300 2239 476 2291; x_wconf 73' lang='lat' dir='ltr'><strong>fidorum</strong></span> <span class='ocrx_word' id='word_1_331' title='bbox 499 2240 752 2291; x_wconf 78' lang='lat' dir='ltr'><strong>Troianorum,</strong></span> <span class='ocrx_word' id='word_1_332' title='bbox 774 2253 813 2281; x_wconf 85' lang='lat' dir='ltr'><strong>et</strong></span> <span class='ocrx_word' id='word_1_333' title='bbox 830 2254 868 2281; x_wconf 85' lang='lat' dir='ltr'><strong>vt</strong></span> <span class='ocrx_word' id='word_1_334' title='bbox 887 2246 958 2284; x_wconf 80' lang='lat' dir='ltr'><strong>lv.</strong></span> <span class='ocrx_word' id='word_1_335' title='bbox 975 2243 1060 2296; x_wconf 85' lang='lat' dir='ltr'><strong>post</strong></span> <span class='ocrx_word' id='word_1_336' title='bbox 1078 2241 1197 2290; x_wconf 77' lang='grc' dir='ltr'>ἔξοδον,</span> <span class='ocrx_word' id='word_1_337' title='bbox 1218 2243 1284 2293; x_wconf 88' lang='lat' dir='ltr'><strong>qui</strong></span> <span class='ocrx_word' id='word_1_338' title='bbox 1300 2242 1348 2280; x_wconf 81' lang='lat' dir='ltr'><strong>ab</strong></span> <span class='ocrx_word' id='word_1_339' title='bbox 1367 2240 1432 2279; x_wconf 83' lang='lat' dir='ltr'><strong>illo</strong></span> <span class='ocrx_word' id='word_1_340' title='bbox 1452 2239 1617 2280; x_wconf 73' lang='lat' dir='ltr'><strong>Oc‘tobris</strong></span> <span class='ocrx_word' id='word_1_341' title='bbox 1633 2242 1694 2280; x_wconf 88' lang='lat' dir='ltr'><strong>Iu-</strong></span> 
     </span>
     <span class='ocr_line' id='line_1_39' title="bbox 314 2295 1692 2350; baseline 0 -16"><span class='ocrx_word' id='word_1_342' title='bbox 314 2295 410 2334; x_wconf 73' lang='lat' dir='ltr'><strong>liani</strong></span> <span class='ocrx_word' id='word_1_343' title='bbox 436 2298 500 2335; x_wconf 76' lang='lat' dir='ltr'><strong>die</strong></span> <span class='ocrx_word' id='word_1_344' title='bbox 521 2300 585 2336; x_wconf 88' lang='lat' dir='ltr'><strong>IX.</strong></span> <span class='ocrx_word' id='word_1_345' title='bbox 620 2298 770 2345; x_wconf 83' lang='lat' dir='ltr'><strong>inierit,</strong></span> <span class='ocrx_word' id='word_1_346' title='bbox 812 2301 938 2349; x_wconf 76' lang='lat' dir='ltr'><strong>perire</strong></span> <span class='ocrx_word' id='word_1_347' title='bbox 967 2299 1140 2350; x_wconf 85' lang='lat' dir='ltr'><strong>potuerit</strong></span> <span class='ocrx_word' id='word_1_348' title='bbox 1178 2299 1344 2338; x_wconf 84' lang='lat' dir='ltr'><strong>Latinus.</strong></span> <span class='ocrx_word' id='word_1_349' title='bbox 1405 2295 1509 2335; x_wconf 86' lang='lat' dir='ltr'><strong>Inde</strong></span> <span class='ocrx_word' id='word_1_350' title='bbox 1553 2295 1692 2347; x_wconf 88' lang='lat' dir='ltr'><strong>incipit</strong></span> 
     </span>
     <span class='ocr_line' id='line_1_40' title="bbox 315 2351 1693 2405; baseline -0.001 -13"><span class='ocrx_word' id='word_1_351' title='bbox 315 2351 454 2401; x_wconf 82' lang='lat' dir='ltr'><strong>Hyems</strong></span> <span class='ocrx_word' id='word_1_352' title='bbox 474 2352 778 2392; x_wconf 74' lang='lat' dir='ltr'><strong>Athenienfium</strong></span> <span class='ocrx_word' id='word_1_353' title='bbox 800 2355 945 2402; x_wconf 51' lang='lat' dir='ltr'><strong>Cyl-lica</strong></span> <span class='ocrx_word' id='word_1_354' title='bbox 965 2364 1083 2403; x_wconf 71' lang='lat' dir='ltr'><strong>atque</strong></span> <span class='ocrx_word' id='word_1_355' title='bbox 1099 2353 1304 2405; x_wconf 81' lang='lat' dir='ltr'><strong>Popularis.</strong></span> <span class='ocrx_word' id='word_1_356' title='bbox 1362 2352 1518 2404; x_wconf 84' lang='lat' dir='ltr'><strong>Nempe</strong></span> <span class='ocrx_word' id='word_1_357' title='bbox 1544 2367 1566 2391; x_wconf 85' lang='lat' dir='ltr'>a</span> <span class='ocrx_word' id='word_1_358' title='bbox 1585 2351 1693 2392; x_wconf 63' lang='lat' dir='ltr'><strong>Inae-</strong></span> 
     </span>
     <span class='ocr_line' id='line_1_41' title="bbox 316 2405 1692 2460; baseline -0.001 -13"><span class='ocrx_word' id='word_1_359' title='bbox 316 2409 542 2447; x_wconf 44' lang='lat' dir='ltr'><strong>mucharione.</strong></span> <span class='ocrx_word' id='word_1_360' title='bbox 599 2409 863 2460; x_wconf 67' lang='lat' dir='ltr'><strong>Tumfiaebaeft&#39;i</strong></span> <span class='ocrx_word' id='word_1_361' title='bbox 882 2410 929 2449; x_wconf 79' lang='lat' dir='ltr'><strong>ab</strong></span> <span class='ocrx_word' id='word_1_362' title='bbox 947 2412 1070 2448; x_wconf 72' lang='lat' dir='ltr'><strong>Aenea</strong></span> <span class='ocrx_word' id='word_1_363' title='bbox 1089 2409 1230 2448; x_wconf 82' lang='lat' dir='ltr'><strong>Rutuli.</strong></span> <span class='ocrx_word' id='word_1_364' title='bbox 1262 2406 1414 2449; x_wconf 78' lang='lat' dir='ltr'><strong>Eodem</strong></span> <span class='ocrx_word' id='word_1_365' title='bbox 1434 2405 1587 2456; x_wconf 86' lang='lat' dir='ltr'><strong>scilicet,</strong></span> <span class='ocrx_word' id='word_1_366' title='bbox 1612 2420 1692 2458; x_wconf 91' lang='lat' dir='ltr'><strong>quo</strong></span> 
     </span>
     <span class='ocr_line' id='line_1_42' title="bbox 316 2463 1695 2516; baseline -0.001 -13"><span class='ocrx_word' id='word_1_367' title='bbox 316 2464 499 2503; x_wconf 74' lang='lat' dir='ltr'><strong>occubuit</strong></span> <span class='ocrx_word' id='word_1_368' title='bbox 522 2463 692 2510; x_wconf 80' lang='lat' dir='ltr'><strong>Latinus,</strong></span> <span class='ocrx_word' id='word_1_369' title='bbox 721 2465 882 2516; x_wconf 80' lang='lat' dir='ltr'><strong>proelio,</strong></span> <span class='ocrx_word' id='word_1_370' title='bbox 912 2465 1018 2515; x_wconf 78' lang='lat' dir='ltr'><strong>quod</strong></span> <span class='ocrx_word' id='word_1_371' title='bbox 1051 2465 1143 2504; x_wconf 77' lang='lat' dir='ltr'><strong>Belli</strong></span> <span class='ocrx_word' id='word_1_372' title='bbox 1173 2464 1287 2505; x_wconf 86' lang='lat' dir='ltr'><strong>huius</strong></span> <span class='ocrx_word' id='word_1_373' title='bbox 1310 2463 1352 2501; x_wconf 88' lang='lat' dir='ltr'><strong>in</strong></span> <span class='ocrx_word' id='word_1_374' title='bbox 1369 2463 1481 2502; x_wconf 74' lang='lat' dir='ltr'><strong>Italia</strong></span> <span class='ocrx_word' id='word_1_375' title='bbox 1506 2464 1554 2504; x_wconf 84' lang='lat' dir='ltr'><strong>ab</strong></span> <span class='ocrx_word' id='word_1_376' title='bbox 1572 2465 1695 2503; x_wconf 83' lang='lat' dir='ltr'><strong>Aenea</strong></span> 
     </span>
     <span class='ocr_line' id='line_1_43' title="bbox 317 2518 1695 2572; baseline 0.001 -14"><span class='ocrx_word' id='word_1_377' title='bbox 317 2518 416 2572; x_wconf 78' lang='lat' dir='ltr'><strong>gesti</strong></span> <span class='ocrx_word' id='word_1_378' title='bbox 429 2522 593 2572; x_wconf 84' lang='lat' dir='ltr'><strong>primum</strong></span> <span class='ocrx_word' id='word_1_379' title='bbox 622 2520 802 2560; x_wconf 77' lang='lat' dir='ltr'><strong>habetur.</strong></span> <span class='ocrx_word' id='word_1_380' title='bbox 861 2521 923 2560; x_wconf 84' lang='lat' dir='ltr'><strong>Sic</strong></span> <span class='ocrx_word' id='word_1_381' title='bbox 943 2522 1049 2559; x_wconf 89' lang='lat' dir='ltr'><strong>enim</strong></span> <span class='ocrx_word' id='word_1_382' title='bbox 1070 2520 1129 2560; x_wconf 87' lang='lat' dir='ltr'><strong>vbi</strong></span> <span class='ocrx_word' id='word_1_383' title='bbox 1152 2519 1273 2572; x_wconf 83' lang='lat' dir='ltr'><strong>supra,</strong></span> <span class='ocrx_word' id='word_1_384' title='bbox 1295 2519 1458 2567; x_wconf 81' lang='lat' dir='ltr'><strong>Seruius,</strong></span> <span class='ocrx_word' id='word_1_385' title='bbox 1479 2531 1528 2558; x_wconf 83' lang='lat' dir='ltr'><strong>ex</strong></span> <span class='ocrx_word' id='word_1_386' title='bbox 1549 2520 1695 2559; x_wconf 80' lang='lat' dir='ltr'><strong>eodem</strong></span> 
     </span>
     <span class='ocr_line' id='line_1_44' title="bbox 309 2575 1695 2638; baseline -0.001 -23"><span class='ocrx_word' id='word_1_387' title='bbox 309 2576 482 2618; x_wconf 43' lang='lat' dir='ltr'><strong>&#39;sm-tanis</strong></span> <span class='ocrx_word' id='word_1_388' title='bbox 500 2576 685 2623; x_wconf 50' lang='lat' dir='ltr'><strong>lautiore,</strong></span> <span class='ocrx_word' id='word_1_389' title='bbox 715 2577 783 2628; x_wconf 81' lang='lat' dir='ltr'><strong>qui</strong></span> <span class='ocrx_word' id='word_1_390' title='bbox 802 2576 908 2617; x_wconf 85' lang='lat' dir='ltr'><strong>idern</strong></span> <span class='ocrx_word' id='word_1_391' title='bbox 928 2575 1102 2629; x_wconf 82' lang='lat' dir='ltr'><strong>Dionyfi&#39;i</strong></span> <span class='ocrx_word' id='word_1_392' title='bbox 1122 2588 1214 2624; x_wconf 75' lang='lat' dir='ltr'><strong>erat,</strong></span> <span class='ocrx_word' id='word_1_393' title='bbox 1241 2577 1387 2619; x_wconf 82' lang='lat' dir='ltr'><strong>Catone.</strong></span> <span class='ocrx_word' id='word_1_394' title='bbox 1444 2576 1570 2616; x_wconf 85' lang='lat' dir='ltr'><strong>Huius</strong></span> <span class='ocrx_word' id='word_1_395' title='bbox 1595 2587 1695 2638; x_wconf 74' lang='lat' dir='ltr'><strong>ergo</strong></span> 
     </span>
    </p>

    <p class='ocr_par' dir='ltr' id='par_1_5' title="bbox 409 2644 1696 2751">
     <span class='ocr_line' id='line_1_45' title="bbox 1598 2644 1696 2672; baseline 0 0"><span class='ocrx_word' id='word_1_396' title='bbox 1598 2644 1696 2672; x_wconf 74' lang='lat' dir='ltr'><strong>anm</strong></span> 
     </span>
     <span class='ocr_line' id='line_1_46' title="bbox 409 2704 1571 2751; baseline -0.001 -14"><span class='ocrx_word' id='word_1_397' title='bbox 409 2713 432 2751; x_wconf 71' lang='lat'>3</span> <span class='ocrx_word' id='word_1_398' title='bbox 459 2704 672 2748; x_wconf 81' lang='lat' dir='ltr'><strong>Aen.1.265.</strong></span> <span class='ocrx_word' id='word_1_399' title='bbox 762 2715 785 2748; x_wconf 80' lang='grc'><strong>4</strong></span> <span class='ocrx_word' id='word_1_400' title='bbox 807 2706 898 2740; x_wconf 72' lang='lat' dir='ltr'><strong>serv.</strong></span> <span class='ocrx_word' id='word_1_401' title='bbox 918 2704 959 2739; x_wconf 83' lang='lat' dir='ltr'><strong>ad</strong></span> <span class='ocrx_word' id='word_1_402' title='bbox 980 2705 1065 2739; x_wconf 79' lang='lat' dir='ltr'><strong>Aen.</strong></span> <span class='ocrx_word' id='word_1_403' title='bbox 1075 2706 1173 2740; x_wconf 85' lang='lat' dir='ltr'>V1.v.</span> <span class='ocrx_word' id='word_1_404' title='bbox 1183 2707 1265 2746; x_wconf 84' lang='lat'><strong>760.</strong></span> <span class='ocrx_word' id='word_1_405' title='bbox 1365 2713 1382 2748; x_wconf 84' lang='lat'>5</span> <span class='ocrx_word' id='word_1_406' title='bbox 1408 2704 1481 2738; x_wconf 84' lang='lat' dir='ltr'><strong>Liv.</strong></span> <span class='ocrx_word' id='word_1_407' title='bbox 1501 2705 1571 2737; x_wconf 87' lang='lat'>1.1.</span> 
     </span>
    </p>
   </div>
  </div>
 </body>
</html>
