1796 3120
341 114 456 159 3710
509 103 704 145 NOTAE
734 103 812 144 AD
852 101 1124 143 CHRONOL.
1152 99 1671 144 GRAECO-ROMANAM

337 208 551 249 videbatur.
592 208 688 246 ·Hac
711 207 872 246 vic‘ioria
897 219 1074 246 contenta
1103 205 1222 246 Plebes
1260 205 1353 260 ceffit
1382 205 1578 253 Patribus,
1604 218 1656 253 vt,
1685 206 1727 246 in

338 265 542 318 praesentia
565 263 763 314 Consulum
781 264 964 302 mentione
981 261 1114 315 omiffiz,
1123 261 1281 302 Tribuni
1299 264 1472 303 Militum
1496 274 1726 303 crearentur.

337 324 403 361 VI.
417 334 482 373 42.
523 323 633 359 Haec
650 319 717 358 ille
736 321 787 361 de
807 322 951 372 quartis
968 317 1052 370 post
1069 318 1296 358 Anarchiam
1318 320 1506 358 Tribunis
1530 317 1729 370 Confitlari

338 375 795 427 PotestateMiliraribus.
850 374 1060 425 Plusquam
1086 385 1193 413 certe
1217 373 1420 430 defi'gnatos
1454 375 1538 414 illos
1567 383 1726 426 oportet

339 433 455 474 fuifl'e
486 430 605 471 Plebis
629 431 822 478 Tribunos,
853 430 881 470 fi
900 431 1038 472 decimo
1062 428 1136 470 'suo
1170 430 1382 472 Tribunatu
1407 430 1538 486 Legem
1563 430 1726 469 tulerint

339 489 455 535 issam,
484 487 535 526 de
556 501 633 538 qua
658 488 854 538 loquitur:
895 500 971 527 nec
995 487 1153 526 tulerint
1178 486 1307 536 modo,
1333 499 1469 526 verum
1493 486 1609 526 etiam
1627 485 1728 536 fice-

335 548 432 590 rint,
463 544 598 594 quales
619 554 732 582 erant
754 556 824 596 pro
845 543 942 598 Lege
961 542 1141 589 faciendi,
1162 543 1409 582 Decemm'ros.
1467 545 1550 583 Hac
1567 543 1727 583 demum

340 600 498 640 vistoria
521 598 673 639 deliniti
695 598 921 638 concedunt
949 597 1019 650 ipfi
1039 599 1203 645 viciffim,
1235 610 1273 637 vt
1294 600 1455 639 Comitia
1474 598 1726 644 haberentur,

341 669 426 698 non
447 655 609 706 quidem
634 668 706 706 pro
732 653 948 705 Consulibus
978 653 1153 703 Plebeiis‚
1178 654 1246 694 sed
1272 669 1343 707 pro
1368 653 1543 695 Tribunis
1562 664 1728 694 tantum·

340 712 459 752 modo
481 711 676 762 Conffilari
695 711 878 764 Potestate
896 710 1145 751 Militaribus.
1186 711 1363 763 Spatium
1384 711 1481 750 haec
1500 709 1727 763 supponunt

340 768 466 807 maius
486 768 590 806 inter
606 766 728 808 Plebis
754 766 1005 808 Tribunatum
1034 777 1074 805 et
1096 766 1280 809 Curulium
1296 766 1591 822 Magistratuum
1611 766 1733 805 Comi-

341 826 418 870 tia,
451 836 570 874 quam
587 833 626 862 vt
641 823 853 864 Decembris
871 825 915 862 X.
942 836 1111 862 munere
1129 823 1243 874 potiti
1270 822 1429 865 Tribuni
1449 821 1570 864 Plebis
1591 823 1632 870 in
1646 822 1729 861 Tri-

341 880 450 922 bunis
474 879 717 920 Militaribus
745 880 921 919 creandis
951 889 1103 932 partem
1132 879 1282 918 habere
1300 879 1451 931 possint,
1492 879 1559 929 qui
1579 877 1727 918 Decem-

342 936 420 976 bris
445 935 576 976 Idibus
608 934 769 975 fuissent
794 938 942 976 inituri.
997 937 1082 976 Imo
1114 936 1208 990 Legi
1233 935 1426 976 ferendae
1451 935 1730 976 Trinundinum

341 991 597 1032 necessarium
620 1003 711 1038 erat,
732 993 875 1032 dierum
898 1003 1045 1042 nempe
1063 993 1200 1033 XXIV.
1257 993 1343 1031 Hoc
1363 990 1389 1028 fi
1406 1006 1427 1030 a
1445 994 1491 1031 X.
1511 989 1731 1030 Decembris

341 1051 478 1089 veteris
505 1048 570 1087 die
589 1049 757 1094 ineatur,
774 1048 816 1087 in
837 1048 943 1089 diem
972 1047 1143 1088 Ianuarii
1172 1048 1308 1086 veteris
1342 1044 1545 1097 sequentis
1577 1045 1730 1085 definet

344 1103 480 1147 saltem
499 1107 547 1143 V.
569 1103 809 1154 efficietque,
826 1115 864 1142 vt
886 1116 939 1142 ne
959 1103 1120 1154 quidem
1137 1102 1315 1147 Kalendis
1333 1103 1520 1143 Ianuariis
1543 1101 1730 1154 proximis

342 1164 439 1201 inire
458 1160 662 1212 potuerint
682 1160 800 1199 creati
818 1175 838 1199 a
858 1160 1047 1199 Tribunis
1064 1159 1187 1201 Plebis
1205 1159 1376 1199 Tribuni
1391 1157 1621 1210 Consulares.
1640 1161 1731 1197 Pro-

342 1217 439 1258 inde
459 1215 588 1256 Idibus
609 1217 806 1254 Ianuariis.
863 1216 1042 1266 Spatium
1070 1225 1202 1254 autem
1228 1213 1312 1254 satis
1338 1215 1464 1255 laxum
1490 1215 1574 1261 erit,
1596 1213 1623 1252 fi
1644 1226 1732 1266 pro-

342 1273 455 1313 ximis
484 1272 647 1311 inierint
665 1271 792 1313 Idibus
812 1271 1014 1313 Ianuariis.
1068 1273 1130 1312 Sic
1158 1284 1254 1323 ergo
1285 1284 1368 1310 rem
1395 1269 1434 1310 se
1453 1268 1627 1311 habuisse
1647 1268 1731 1309 satis

343 1327 652 1369 consentaneum
673 1327 738 1367 est.
795 1331 852 1367 Ita
870 1338 1002 1367 autern
1020 1330 1106 1368 VII.
1127 1327 1359 1367 Plebeiorum
1378 1327 1600 1366 Tribunatu
1615 1326 1733 1379 primi

343 1385 463 1426 creati
492 1385 643 1424 :fuerint
668 1383 751 1435 post
778 1383 1005 1424 Anarcht‘am
1037 1383 1207 1425 Tribuni
1242 1382 1470 1434 Consulares.
1534 1385 1590 1422 Et
1619 1381 1733 1434 quin·

342 1441 522 1493 quennio
540 1444 661 1480 maior
682 1439 804 1481 fuerit
820 1440 1020 1486 AnarcMa,
1051 1450 1089 1478 vt
1101 1442 1260 1492 propius
1282 1441 1330 1479 ad
1335 1438 1554 1490 fixennium
1573 1435 1732 1478 accesse-

344 1498 406 1537 rit.
428 1546 431 1549 Ι
466 1497 594 1549 Magis
622 1507 754 1536 tamen
783 1496 974 1544 fauerem,
1002 1494 1029 1533 fi
1056 1496 1299 1548 quadriennio
1316 1496 1439 1536 maior
1459 1492 1591 1535 fuiffet
1609 1496 1732 1533 Anar-

344 1553 436 1601 ehia,
465 1554 707 1605 propiusque
735 1549 940 1592 accessisset
964 1551 1013 1591 ad
1040 1554 1342 1605 quinquennium.
1401 1551 1464 1591 Sic
1482 1551 1590 1589 enim
1610 1552 1732 1590 calcu-

343 1611 426 1650 lum
453 1619 662 1659 vtrumque
688 1609 860 1647 inuicem
893 1607 1133 1655 conciliaret,
1165 1618 1243 1646 tam
1270 1620 1418 1655 eorum,
1441 1606 1508 1657 qui
1537 1607 1733 1660 quadrien·

342 1680 424 1706 nem
452 1665 622 1705 fecerint
650 1665 885 1711 Arzarchmm,
914 1677 1035 1714 quam
1062 1677 1210 1710 eorum,
1240 1665 1308 1715 qui
1338 1666 1622 1717 quinquennem,
1652 1659 1733 1713 ipsa

320 1747 322 1750 -
343 1722 532 1762 nimirum
557 1722 662 1760 inter
691 1731 897 1771 Vtrumque
923 1720 1046 1760 media
1071 1718 1277 1759 sententia.
1334 1720 1396 1760 Sic
1423 1718 1531 1758 Fabii
1559 1720 1731 1764 Pictoris,

340 1778 548 1830 Scriptoris
576 1777 773 1823 omnium,
805 1788 844 1816 vt
874 1778 926 1816 ait
950 1776 1094 1825 Hunis,
1122 1775 1230 1830 longe
1254 1774 1505 1830 antiquiffimi,
1537 1772 1732 1814 sententia

342 1834 440 1876 ferri
470 1831 606 1886 posset,
626 1834 694 1884 qui
715 1836 882 1886 primum
908 1849 930 1872 a
950 1832 1057 1872 Plebe
1077 1832 1271 1884 Consulem
1300 1831 1382 1884 post
1406 1830 1515 1872 Vrbis
1531 1830 1732 1870 Excidium

323 1903 449 1932 -anno
470 1892 590 1929 XXII„
614 1900 787 1931 creatum
811 1887 968 1930 censuit.
1006 1888 1098 1929 Gell.
1112 1892 1178 1928 IV.
1195 1901 1231 1941 5.
1262 1888 1341 1928 Sed
1361 1888 1400 1926 id
1422 1901 1501 1938 quo
1520 1887 1648 1926 minus
1670 1898 1731 1924 ve-

344 1960 432 1987 rum
456 1944 534 1985 efl'e
553 1946 684 1997 possit,
722 1946 844 1986 obstat
872 1946 1083 1986 decennium
1110 1945 1360 1985 Tribunorum
1381 1943 1617 1984 Plebeiorum
1636 1952 1730 1980 ante

346 2001 516 2044 hominis
546 2001 682 2042 Plebeii
710 2002 959 2056 Consulatum,
993 2012 1031 2042 vt
1065 2000 1363 2042 committendum
1390 2000 1488 2041 illud
1505 2000 1649 2050 nostrae
1667 1998 1732 2037 do-

342 2069 445 2105 cent,
465 2071 536 2110 pro
550 2059 658 2098 Liuii
672 2070 822 2110 mente,
832 2058 1013 2100 Tabulae:
1038 2069 1075 2098 vt
1095 2059 1239 2099 docent
1257 2056 1351 2098 aliae
1370 2054 1547 2097 eiusdem
1569 2056 1733 2095 rationes

342 2114 446 2156 infra
469 2115 760 2157 memorandae.

451 2175 545 2225 362.
577 2174 664 2211 Hoc
681 2184 786 2210 anno
804 2171 887 2223 post
904 2170 1086 2211 Plebeium
1113 2169 1306 2222 Confitlem
1323 2166 1502 2221 proximo
1522 2167 1730 2207 Catoniana

343 2238 438 2280 390.
470 2241 621 2266 mortem
641 2227 787 2268 Camilli
806 2227 933 2267 statuit
958 2238 1037 2267 tam
1061 2226 1291 2271 Plutarchus,
1312 2236 1428 2274 quam
1448 2224 1563 2262 etiam
1583 2224 1732 2264 Liuius.

344 2284 543 2321 Virtutem
573 2284 673 2322 illius
702 2284 743 2321 in
768 2286 913 2337 proelio
942 2282 1010 2323 sub
1029 2283 1238 2335 Posthumio
1267 2280 1483 2325 Difiatore,
1515 2293 1594 2331 quo
1609 2282 1734 2333 Aequi

344 2338 538 2392 Volscique
556 2337 700 2379 subaffi
719 2337 817 2386 sunt,
848 2341 1017 2391 primum
1037 2336 1200 2377 eluxiffe
1220 2337 1334 2377 tradit
1359 2334 1590 2376 Plutarchus.
1638 2340 1734 2383 1132AE-
1776 2363 1778 2365 -

340 2412 401 2438 vane,-
427 2403 473 2439 εἰς
504 2395 600 2442 δόξαν
627 2399 803 2442 προῆλθεν,
836 2395 954 2435 verba
984 2393 1073 2435 sunt
1097 2393 1302 2433 Plutarchi.
1362 2390 1482 2441 Quafi
1493 2393 1656 2444 primum
1677 2392 1733 2431 illi

339 2449 478 2493 *fuisset
504 2451 601 2490 illud
627 2450 744 2491 decus
767 2452 951 2498 tirocinii,
992 2450 1099 2501 quod
1129 2448 1221 2489 sane
1242 2446 1447 2487 verisimile
1467 2447 1533 2486 est.
1589 2451 1733 2488 Annus

348 2518 432 2547 erat
460 2507 685 2549 Catonianus
706 2519 797 2561 324.
854 2509 963 2545 Tum
993 2519 1090 2559 ergo
1130 2507 1344 2547 tirocinium
1374 2502 1618 2555 expleuerit,
1661 2517 1732 2556 pro
1768 2550 1783 2553 ς

347 2561 467 2604 censu
489 2564 612 2604 Seruii
622 2562 742 2610 Tullii,
761 2576 909 2603 annum
928 2561 1069 2602 scilicet
1087 2564 1234 2603 Aetatis
1252 2562 1372 2601 XVII.
1405 2560 1466 2600 Sic
1485 2571 1592 2599 natus
1612 2558 1734 2598 fuerit

349 2633 455 2667 anno
487 2621 689 2663 catoniano
709 2627 801 2674 307.
827 2628 985 2673 praeter
1013 2628 1188 2672 propter.
1246 2620 1332 2659 Nec
1355 2619 1488 2670 longe,
1518 2625 1555 2655 vt
1582 2616 1733 2668 opinor,

1607 2687 1630 2712 a
1646 2684 1735 2711 vero
