1796 3120
154 1905 184 1927 c.
197 1895 254 1938 63.

316 128 428 178 2416
741 126 1274 168 APPARATVS

319 232 378 270 nis
408 229 772 281 repraesentabatur
803 242 826 267 e
846 228 1072 268 Graecarum
1100 227 1374 270 successionum
1402 229 1499 270 serie
1527 228 1594 269 fibi
1611 243 1691 269 con·

309 286 498 337 fintanea,
520 301 539 323 a
559 288 601 325 Tr
613 289 672 323 oia
692 297 795 335 capta
822 294 941 334 atque
962 284 1073 322 initio
1098 285 1363 337 Olympiadum.
1418 287 1496 327 Sed
1516 299 1605 324 vero
1626 299 1690 325 an·

323 356 393 380 nos
424 343 679 393 Olympiadum
705 339 854 378 medios
883 339 1128 380 Archontibus
1150 343 1285 382 Atticis
1308 341 1493 394 infignire
1512 356 1593 380 mos
1614 342 1689 381 fuit

323 397 426 448 apud
450 397 610 435 Graecos
641 407 829 446 receptus,
858 411 879 434 a
898 395 1137 446 temporibus
1166 394 1283 447 vsque
1311 398 1462 436 Timaei.
1518 397 1688 437 Proinde

320 453 528 493 Archontes
551 451 714 491 adhibet
744 451 889 501 vbique
916 450 1054 497 noster,
1079 453 1231 501 quoties
1253 464 1312 491 res
1333 453 1514 493 Romanas
1536 454 1689 492 Graecis

323 508 563 562 temporibus
590 509 762 558 affignat.
820 510 869 546 Et
896 521 947 545 ne
973 507 1133 557 quidem
1170 508 1266 546 illud
1290 509 1552 554 incommode,
1581 508 1687 559 quod

323 566 428 603 idem
446 564 568 602 fuerit
588 565 735 601 inicium
756 564 847 601 anni
867 563 1046 615 Olympici
1066 574 1184 614 atque
1204 563 1430 610 Archontici,
1452 563 1580 603 saltem
1600 577 1688 603 cum

321 618 507 658 scriberet
535 618 702 669 Dionys
696 632 747 656 us
805 622 860 657 Ita
888 618 1041 663 factum,
1073 629 1110 657 vt
1138 618 1259 657 mens
1248 633 1276 657 s
1293 621 1414 658 Attici
1438 619 1688 675 Thargelionis

322 675 399 713 diei
431 674 579 713 cladem
610 674 788 712 tribuerit
819 675 1037 720 Troianam,
1069 687 1183 725 quam
1211 675 1272 714 alii
1294 674 1589 726 Scirophorionis
1609 676 1687 714 diei

320 730 449 782 potius
468 730 716 769 tribuendam
734 730 1012 770 existimabant.
1066 733 1154 768 Non
1171 731 1223 770 ita
1241 732 1375 782 procul
1394 731 1512 770 dubio
1538 731 1685 777 fa&u1·i‚

321 785 348 824 fi
368 798 519 837 tempus
548 785 670 837 ipsum
692 799 714 824 e
735 789 872 826 coaeuis
900 786 1048 824 excidio
1074 787 1234 825 Troiano
1259 786 1522 825 monumentis
1550 784 1686 833 haufis·

321 840 417 887 sent,
449 852 490 880 et
508 855 586 881 non
610 842 737 893 potius
756 854 778 880 e
796 841 1034 894 posterorum
1054 845 1272 881 ratiociniis.
1314 839 1391 882 Sed
1413 855 1531 893 quem
1549 855 1686 882 annum

318 897 520 937 Archonte
555 900 681 937 Attico
717 899 757 935 in
795 897 937 949 scriptis
966 897 1192 949 insignitum
1237 906 1455 949 repererat,
1487 910 1577 937 eum
1606 910 1686 937 non

318 954 435 993 alium
457 951 569 992 fuisse
588 952 787 991 verisimile
806 964 897 999 erat,
928 966 1045 1003 quam
1062 956 1237 1000 Atticum,
1257 965 1294 991 vt
1317 966 1339 991 e
1356 953 1578 993 Kalendario
1600 967 1686 1005 pro·
1704 972 1707 973 ⁷

317 1010 412 1049 inde
442 1012 565 1049 Attico
608 1010 727 1049 fuerit
754 1009 1016 1060 explicandus.
1075 1010 1173 1048 Inde
1213 1019 1416 1060 praeterea
1458 1009 1619 1056 sachun,
1647 1018 1686 1048 vt

319 1078 343 1104 e
365 1066 486 1117 Cyclo
507 1065 701 1104 Metonico
715 1096 723 1111 ,
754 1063 964 1104 retrorsum
983 1074 1111 1105 tamen
1137 1075 1355 1111 numerate,
1378 1079 1526 1105 annum
1544 1065 1686 1115 excg'lize

323 1122 462 1161 Troiae
482 1119 759 1167 constituerint,
790 1120 1035 1171 (quicunque
1057 1121 1214 1159 demum
1233 1120 1407 1173 fuerint)
1436 1121 1604 1172 Dionysii
1621 1135 1684 1160 au-

319 1177 454 1216 c'iores.
510 1179 608 1215 Nam
638 1189 686 1213 ex
716 1177 842 1214 vltima
863 1175 1007 1225 silentis
1030 1177 1156 1215 Lunae
1182 1177 1408 1227 quadrante,
1427 1178 1533 1215 cuius
1552 1177 1683 1216 memi-

319 1244 462 1272 nerant
489 1232 736 1283 antiquiffimi
764 1232 814 1270 de
843 1232 993 1271 excidio
1014 1233 1187 1271 Troiano
1208 1232 1351 1278 Poetae,
1379 1231 1518 1271 menfis
1539 1233 1682 1272 lunaris

312 1299 466 1341 partem,
489 1301 566 1339 qua
595 1289 710 1327 Troia
730 1287 850 1327 fuerit
869 1287 996 1338 excisii,
1018 1287 1252 1340 coIIIgebant
1268 1287 1439 1327 iuniores
1460 1290 1683 1328 Grammati-

318 1349 362 1390 ci,
394 1355 431 1382 vt
456 1344 496 1382 in
525 1344 657 1382 nostri<
687 1344 735 1383 ad
774 1346 1004 1390 Μεθομηςικῶν
1036 1343 1255 1396 fragmenta
1287 1344 1394 1382 Notis
1433 1342 1679 1384 ostendimus.

314 1400 404 1442 Iusti
434 1411 539 1438 certe
555 1399 655 1453 fiper
652 1401 722 1438 dui
754 1400 886 1449 (quam
915 1398 1052 1438 meniis
1071 1401 1213 1438 lunaris
1240 1399 1477 1451 quadrantem
1498 1399 1683 1440 existima-

317 1458 418 1496 bant
440 1468 515 1506 qua
532 1457 695 1506 quidem
718 1455 854 1494 diebus
872 1458 1027 1510 integris
1049 1454 1238 1507 designari
1245 1455 1408 1522 potuit)
1438 1453 1556 1520 spatio
1575 1454 1682 1495 dista-

316 1512 410 1552 bat
400 1526 429 1550 is
449 1510 531 1563 ipse
546 1511 802 1566 Thirgelionis
829 1511 909 1550 dies
929 1524 1061 1550 xxm.
1091 1526 1112 1549 a
1130 1509 1294 1557 τριακάδι,
1325 1523 1443 1560 quam
1473 1505 1543 1554 ε’νην
1565 1513 1680 1551 etiam

316 1579 357 1607 et
385 1574 455 1605 νέαν
475 1568 733 1619 appellabant,
764 1578 803 1605 et
822 1581 891 1618 pro
913 1566 1091 1619 Populari
1115 1571 1275 1615 συζυγίας
1300 1566 1440 1605 lunaris
1460 1567 1545 1605 loco
1563 1566 1679 1606 habe-

314 1625 422 1664 bant.
482 1624 560 1663 Sed
581 1636 672 1661 vero
693 1622 732 1660 in
754 1624 856 1662 aliud
884 1622 1069 1661 mensium
1090 1623 1283 1662 lunarium
1303 1622 1569 1662 Kalendarium
1589 1636 1679 1672 qua·

312 1681 425 1719 drare
444 1678 505 1718 illa
524 1693 604 1716 non
625 1689 817 1730 poterant,
845 1690 1118 1729 praeterquam
1136 1679 1176 1716 in
1196 1678 1302 1723 illud,
1315 1692 1393 1728 quo
1412 1676 1601 1716 menfium
1626 1677 1677 1717 lu-

307 1738 455 1776 narium
485 1735 654 1773 ciuilium
680 1735 795 1773 media
818 1744 858 1772 et
882 1737 988 1773 initia
1011 1734 1058 1772 ad
1086 1734 1182 1772 coeli
1202 1733 1393 1773 noullunia
1416 1744 1456 1772 et
1477 1734 1678 1785 plenilunia

311 1792 489 1843 proxime
519 1787 753 1830 accesserint.
819 1791 919 1829 Tale
961 1790 1108 1827 nullum
1138 1790 1292 1828 Metone
1334 1790 1530 1840 antiquius
1563 1787 1677 1829 fuifl'e

276 1871 284 1880 ·
313 1861 335 1886 e
354 1847 522 1885 Gemino
541 1845 787 1884 ostendimus.
827 1847 909 1884 Nec
927 1845 1077 1884 obstant
1097 1845 1209 1884 verba
1230 1846 1411 1896 Dionysii,
1442 1845 1506 1889 2154
1516 1846 1677 1889 'ASnuoeTo'a

307 1901 370 1945 τὲς
389 1900 508 1950 κςὸυκς
526 1901 638 1948 ἄγεσι,
669 1915 746 1952 quo
768 1901 894 1940 minus
924 1902 1027 1939 re'Ste
1045 1902 1162 1940 etiam
1190 1902 1254 1939 illa
1272 1902 1311 1939 in
1331 1902 1494 1952 Cyclum
1513 1902 1677 1941 Metoni-

306 1973 385 1999 cum
405 1959 620 1996 conuenire
639 1958 851 2007 potuerint.
907 1959 988 1997 Nec
1012 1957 1119 1995 enim
1137 1957 1249 1996 aliter
1275 1957 1325 1996 de
1347 1958 1466 2009 Cyclo
1486 1959 1674 2011 Metonico

306 2013 434 2054 scribit
461 2013 661 2059 Diodorus,
692 2013 760 2064 qui
790 2013 879 2051 vixit
898 2014 1012 2051 etiam
1041 2011 1122 2063 ipse
1143 2011 1471 2075 scripfitque,cum
1489 2013 1530 2051 in
1556 2013 1674 2064 defixe-

308 2071 469 2110 tudinem
498 2066 646 2109 abiisiet
673 2067 756 2107 vsus
786 2069 894 2120 Cycli
921 2069 1126 2117 Metonici‚
1159 2067 1319 2107 suffecto
1348 2069 1389 2106 in
1418 2068 1516 2107 illius*
1543 2070 1671 2108 locum

310 2127 431 2178 Cyclo
461 2125 661 2178 calippico,
690 2126 751 2163 vel
779 2126 896 2164 etiam
933 2124 1093 2164 forraffis
1118 2100 1335 2176 Hipparchi.
1392 2124 1522 2162 Verba
1561 2123 1669 2172 sunt:

149 2189 171 2228 3
200 2182 281 2214 Dm·
307 2184 429 2233 3μέχςι
452 2184 515 2219 τῶν
534 2184 609 2219 καθ’
630 2181 714 2226 ἧμᾶς
732 2178 853 2226 χρόνων
869 2187 900 2219 οἱ
918 2185 1040 2218 πλεῖς-σι
1058 2184 1123 2216 τῶν
1145 2178 1300 2222 Ἐλληνων
1321 2177 1481 2225 χρώμενοι
1509 2182 1553 2225 τῇ
1569 2184 1671 2218 ἐννεα-

147 2232 222 2260 dor.
234 2230 288 2266 86.

146 2282 182 2314 4·

303 2243 563 2282 καιδεκκετηρίδι
589 2238 608 2275 s’
632 2236 857 2279 ὂιαῲεύόοντοα
878 2239 938 2278 τῆς
956 2238 1119 2277 ἀληθείας.
1179 2230 1276 2281 Quls
1301 2235 1458 2279 dubitat,
1472 2236 1670 2274 commum

308 2292 534 2332 Graecorum
561 2293 722 2330 nomine
750 2292 926 2330 concludi
952 2292 1121 2330 Metonis
1148 2289 1262 2341 ipfius
1287 2290 1389 2328 ciues
1408 2290 1670 2342 Athenienfis3

303 2351 352 2389 Et
371 2360 501 2388 tamen
527 2349 631 2399 apud
658 2348 749 2393 illos,
770 2347 835 2385 diu
856 2357 947 2386 ante
964 2346 1173 2385 Diodorum
1199 2356 1316 2395 atque
1334 2345 1563 2395 Dionysium,
1592 2347 1668 2399 Cy-

302 2405 403 2443 clum
423 2403 552 2443 saltem
566 2404 786 2455 Calippicum
806 2401 971 2440 obtinui(
971 2400 1012 2439 'ie
1031 2402 1196 2451 probant
1220 2400 1380 2448 nostrae,
1402 2400 1468 2438 nifi
1484 2402 1664 2450 fallimur,

298 2458 753 2511 Dissertationec.Fie1i
781 2456 914 2508 potest,
942 2467 981 2494 vt
1003 2457 1127 2501 etiun,
1157 2470 1241 2495 ante
1261 2456 1355 2502 illos,
1384 2459 1568 2510 Cczlippico
1589 2457 1668 2497 suc·

301 2515 453 2555 ceflerit
470 2515 610 2567 Cyclus
634 2513 847 2566 Hipparchi,
870 2525 892 2550 e
912 2512 1061 2551 duobus
1082 2513 1294 2559 Metonicis,
1319 2513 1512 2565 Culippicis
1534 2524 1664 2555 autem

300 2583 476 2622 quatuor,
497 2569 692 2609 conflatus.
752 2571 835 2607 Nec
852 2578 980 2607 tamen
1004 2568 1170 2619 proinde
1183 2568 1353 2609 Metonis
1367 2570 1530 2621 Cyclum
1550 2568 1663 2608 fuisse

298 2628 541 2681 negabimus,
567 2639 654 2664 cum
684 2626 825 2664 eodem
851 2622 993 2674 corfilio
1031 2622 1193 2674 suscepti
1223 2623 1388 2671 fuerint,
1428 2638 1505 2675 quo
1524 2635 1570 2662 et
1596 2624 1664 2663 ille

1485 2681 1662 2730 Metonis,
