1796 3120
347 99 455 184 2718
513 131 705 170 NOTAE
735 130 811 169 AD
846 128 1119 168 CHRONOL.
1148 126 1672 169 GRAEco-ROMANAM

348 236 432 292 gati
456 235 613 287 Imperii,
644 246 733 273 cum
760 229 1022 284 triumpharet,
1046 230 1304 286 Proconfialem
1323 233 1535 284 appellant.
1597 233 1742 274 Trium-

345 292 483 346 phauit
501 301 634 329 autern
655 287 792 330 Fabius
813 289 968 334 eodem,
1002 301 1080 338 quo
1101 288 1281 341 Papyrius
1303 288 1492 337 Dietasor,
1512 303 1631 330 anno:
1658 291 1743 331 stle-

352 349 416 388 dio
444 348 576 397 vtique
594 346 699 384 inter
717 346 808 384 duos
827 342 1004 383 eiusdem
1021 343 1252 396 Confidatus.

464 415 558 456 304.
595 401 863 452 Triumphum
891 400 1018 440 Fuluii
1043 399 1221 441 Consulis
1247 397 1399 440 suffeffi
1419 403 1483 442 111.
1510 402 1614 443 Non.
1637 402 1743 442 Οίίο-

353 459 448 508 bres,
470 455 641 498 Oc'tobris
664 470 811 508 nempe
832 458 967 496 veteris
991 456 1056 495 die
1073 459 1121 496 V.
1143 456 1217 496 hoc
1235 469 1341 497 anno
1359 462 1491 497 Aerae
1512 459 1744 511 Capitolinae

352 523 447 570 448.
479 511 780 566 repraesentant
799 511 894 553 Fasti
908 513 1120 566 Capitolini.
1176 512 1276 552 Inde
1294 524 1456 563 quoque
1475 512 1741 567 intelligimus,

352 572 459 611 inte-1·
490 570 593 609 Pria.
613 569 697 609 Kal.
715 568 848 623 Qgcint.
865 582 943 620 quo
967 568 1214 623 triumphauit
1242 567 1447 620 superioris
1465 571 1559 609 anni
1585 565 1744 619 Consul,

354 629 413 684 22
427 627 601 667 Martius
631 626 832 672 Tremulus,
864 638 968 664 anno
989 625 1066 664 iam
1092 624 1236 666 labente
1253 629 1382 665 Aerae
1405 625 1636 677 Capitolinae
1647 639 1742 682 447.

357 695 399 722 et
420 683 525 722 hunc
552 682 657 722 diem
686 682 855 722 Oc‘tobris
871 683 1006 721 veteris
1028 684 1073 722 V.
1104 694 1184 733 quo
1205 694 1320 721 nouus
1346 681 1423 720 iam
1443 694 1629 722 numerus
1655 695 1744 723 cen-

358 737 465 780 setur
491 737 675 790 Epochae
692 737 919 791 Capitolinae
944 744 1038 790 448.
1072 737 1168 776 noui
1196 740 1287 777 anni
1305 736 1518 787 Conficlaris
1536 739 1743 790 exordium

358 793 485 840 fuiss'e.
541 794 642 834 Illud
675 804 805 834 tamen
835 792 992 833 difficile
1025 792 1097 841 est,
1126 806 1205 844 quo
1231 793 1342 845 pasto
1369 794 1591 847 contigerit,
1620 805 1659 833 vt
1685 795 1745 834 die

359 851 456 890 noui
482 848 715 890 Consulatus
737 853 784 891 V.
820 850 940 890 fuerit
967 849 1256 902 triumphatum,
1291 859 1341 888 vet
1366 849 1528 900 quidem
1555 865 1584 890 a*
1608 850 1744 890 Fuluio

359 907 575 946 etiamnum
591 906 754 959 Consule,
775 906 882 958 quod
902 905 1038 944 volunt
1057 904 1153 946 Fasti
1173 906 1387 959 Capitolini.
1449 908 1511 945 Ne
1524 907 1745 960 proftratur

359 961 567 1015 superioris
598 962 832 1003 Consulatus
858 963 991 1009 exitus,
1011 962 1208 1014 praedi&a
1236 962 1327 1001 facit
1356 960 1602 1003 Obseruatio.
1657 961 1744 1003 Nec'

359 1016 451 1058 sane
478 1018 627 1058 nodum
658 1017 848 1064 solueret,
877 1016 903 1055 fi
921 1017 983 1057 vel
1000 1019 1170 1058 maxime
1191 1017 1361 1069 proferri
1381 1020 1522 1071 potuit,
1552 1032 1640 1058 curn
1659 1031 1742 1059 non

345 1074 537 1128 fitperz'ori
558 1073 774 1117 Consulatu
791 1072 971 1126 Jitffec‘z‘us
989 1074 1107 1114 fuerit
1124 1073 1294 1120 Fuluius,
1322 1071 1389 1117 sed
1408 1074 1449 1113 in
1471 1075 1600 1114 locum
1610 1076 1745 1116 Minu·

358 1133 417 1179 cii,
438 1132 504 1183 qui
528 1131 601 1170 hoc
618 1128 700 1183 ipso
719 1144 823 1171 anno
837 1129 1046 1183 Capitolino
1062 1137 1157 1184 448.
1180 1128 1434 1171 Consulatum
1445 1129 1562 1186 geffit.
1592 1132 1744 1172 Ideone

359 1188 586 1241 triumphum
613 1188 723 1227 illum
750 1187 876 1227 Fuluii
900 1186 949 1226 ad
979 1201 1127 1228 annum
1148 1187 1336 1226 Iulianum
1351 1186 1564 1240 fi‘quentem
1586 1187 1743 1228 differe·

357 1245 470 1285 mus?
498 1246 557 1283 Ita
575 1241 666 1283 sane
687 1243 922 1288 faelendum,
942 1240 969 1280 fi
985 1257 1082 1282 anno
1103 1242 1308 1285 Consulari
1325 1256 1478 1284 exeunte
1495 1239 1742 1296 triumpharit

358 1301 524 1348 Fuluius,
543 1299 713 1339 necdum
735 1309 866 1340 tamen
887 1312 1000 1339 exuto
1013 1296 1239 1341 Consulatu.
1298 1301 1385 1339 Hoc
1403 1297 1494 1339 sane
1512 1311 1672 1347 certum,
1685 1312 1744 1340 res

358 1374 380 1398 a
397 1356 524 1398 Fuluio
542 1355 665 1408 gestas
687 1355 735 1395 ad
761 1356 854 1395 anni
875 1353 1095 1395 Consularis
1116 1351 1298 1406 speetaffe
1318 1353 1442 1407 finem,
1470 1369 1551 1395 non
1567 1358 1666 1406 item
1690 1357 1743 1396 de

357 1412 556 1466 triumpho.
613 1414 770 1451 Poterat
794 1411 938 1463 autem,
961 1412 1078 1451 etiam
1105 1409 1224 1465 elapso
1243 1410 1469 1460 Consulatu,
1488 1411 1638 1453 liciores
1659 1424 1742 1458 non

359 1470 566 1513 dimittere,
596 1466 621 1505 fi
642 1467 870 1521 triumphum
897 1467 1074 1514 ambiret,
1102 1481 1223 1519 quem
1248 1466 1386 1508 frustra
1414 1469 1606 1519 petiturus
1633 1465 1744 1516 effer,

358 1520 431 1561 illis
451 1522 607 1572 climiffis,
639 1534 678 1562 et
695 1524 854 1577 Imperio
881 1521 1033 1575 prorsus
1053 1527 1206 1564 eiurato.
1264 1526 1323 1563 Ita
1348 1524 1474 1566 Cicero
1499 1524 1654 1565 Romam
1684 1536 1741 1563 re-

360 1573 501 1620 versas,
532 1574 648 1628 elapso
671 1580 832 1614 Ciliciae
853 1578 1134 1631 Proconfiaelatu,
1157 1589 1196 1618 et
1217 1579 1421 1619 Prouincia
1431 1579 1641 1622 Succefi'ori
1663 1593 1742 1620 tra·

360 1633 451 1680 dita,
467 1631 608 1670 lic‘tores
628 1640 758 1670 tamen
778 1627 898 1680 vsque
917 1630 966 1669 ad
986 1632 1077 1668 Belli
1097 1634 1230 1674 Ciuili,-
1248 1635 1403 1674 initium
1423 1638 1597 1677 retinuit.
1617 1636 1739 1689 Quod

358 1684 501 1727 scilicet
528 1685 755 1738 triumphum
780 1683 941 1738 sperarit
965 1685 1016 1724 de
1046 1686 1161 1724 rebus
1191 1682 1281 1731 suis,
1311 1698 1406 1736 quas
1435 1694 1532 1732 tanti
1555 1692 1660 1740 fecit,
1689 1692 1739 1733 ad

360 1742 611 1796 Pendemffiam
638 1741 764 1795 gestis,
819 1744 904 1780 Nec
934 1741 1007 1781 alio
1034 1751 1164 1781 tamen
1181 1743 1335 1786 nomine,
1367 1754 1483 1792 quam
1508 1738 1626 1792 elapfi
1647 1741 1741 1780 Pro-

360 1799 581 1850 confitlatus‚
611 1812 691 1849 quo
706 1798 768 1837 Ius
786 1797 915 1837 fuerat
932 1794 1160 1836 consecutus
1179 1796 1343 1850 Imperii,
1360 1797 1596 1851 Iic‘l‘orumque
1613 1800 1739 1848 Impe-

358 1856 404 1895 rii
431 1855 634 1911 infignium.
693 1858 865 1894 Eatenus
896 1865 993 1905 ergo
1018 1852 1149 1892 adhue
1186 1852 1390 1904 Prokorfitl
1413 1863 1515 1901 erat,
1542 1866 1633 1892 cum
1661 1853 1740 1892 iam

360 1911 496 1951 nullum
523 1914 586 1951 Ius
606 1911 772 1950 haberet
797 1909 838 1948 in
855 1907 1118 1959 Proconfhlari
1142 1909 1354 1950 Prouincia.
1406 1910 1470 1951 Sic
1487 1921 1584 1962 ergo
1603 1907 1743 1960 Confic-v

360 1964 571 2007 lisnomen
601 1966 826 2010 retinuerit,
858 1977 945 2004 cum
975 1963 1253 2018 triumpharet,
1279 1965 1448 2013 Fuluius,
1479 1979 1586 2012 cum,
1618 1965 1738 2019 elapso

361 2020 593 2062 Consulatus
623 2035 739 2068 anno,
767 2021 911 2061 liftores
935 2019 1099 2060 haberet
1120 2020 1346 2072 Confitlares,
1375 2021 1449 2061 hoc
1474 2019 1557 2074 ipso
1580 2019 1680 2073 (quo
1696 2031 1745 2060 et.

362 2077 518 2133 Cicero)
539 2077 615 2128 fine
637 2088 676 2116 et
697 2075 856 2127 confilio,
883 2087 922 2116 vt
940 2088 1088 2129 nempe
1111 2076 1368 2130 triumpharet.
1423 2077 1625 2134 &effluent
1644 2078 1750 2117 con-v

351 2131 428 2187 fid,
450 2146 537 2172 cum
555 2133 821 2185 triumpharet,
843 2132 1087 2186 appellandus,
1114 2146 1203 2173 cum
1222 2146 1305 2172 non
1324 2134 1399 2174 alio
1419 2134 1507 2173 iure
1521 2133 1746 2185 Imperium,

359 2187 594 2240 lissoresque
613 2190 812 2235 retineret,
832 2201 951 2239 quam
970 2188 1212 2242 Confidatus:
1240 2202 1324 2228 non
1343 2202 1448 2228 nouo
1468 2188 1541 2228 alio
1558 2189 1599 2226 in
1617 2189 1745 2233 alium.

360 2257 509 2287 annum
536 2245 706 2291 decreto,
739 2242 1039 2297 Proconficlatus.
1095 2247 1180 2284 Nec
1212 2257 1306 2284 vero
1338 2258 1434 2296 opus
1455 2255 1538 2284 erat
1555 2258 1652 2284 nouo
1672 2245 1738 2284 ali-

360 2300 500 2351 quoin
520 2301 734 2353 fiquemem
761 2313 907 2340 annum
929 2300 1091 2348 honore,
1120 2313 1219 2347 cum,
1247 2301 1452 2340 Prouincia
1477 2302 1633 2352 penitus
1654 2315 1738 2341 con-

348 2355 466 2409 fec‘ia,
500 2355 597 2393 nihil
616 2355 693 2394 iam
719 2367 924 2406 praeterea
941 2352 1166 2407 supet-effer,
1193 2369 1261 2395 cur
1282 2356 1445 2396 Liezores
1463 2354 1592 2396 adhuc
1609 2369 1736 2408 penes

359 2409 401 2450 se
428 2411 600 2459 haberet,
631 2421 905 2461 praeterquam
934 2421 973 2449 vt
997 2411 1257 2464 triumpharet.
1317 2415 1400 2451 Irno
1429 2411 1562 2451 nostris
1582 2413 1744 2452 rationi->

358 2467 431 2506 bus
464 2464 769 2506 consentaneum
798 2465 862 2514 est,
890 2476 937 2513 vt,
969 2464 995 2504 fi
1016 2467 1067 2506 de
1094 2468 1209 2506 rebus
1235 2468 1276 2506 in
1297 2468 1500 2520 Confidam
1514 2467 1589 2520 fico
1607 2467 1733 2520 gestis,
1786 2469 1787 2472 ’

359 2523 435 2562 alio
462 2532 591 2562 tamen
617 2521 837 2572 Confidam,
868 2522 1130 2573 triumpharit,
1159 2523 1200 2562 id
1231 2520 1321 2563 sane
1351 2524 1489 2563 fecerit
1520 2523 1733 2565 Consulatu
1786 2556 1787 2579 3

356 2592 456 2618 nouo
474 2577 630 2616 omnino
650 2581 804 2617 ineunte.
859 2578 946 2616 Alio
965 2589 1208 2629 certe,quam
1229 2579 1583 2630 Confidismomine
1603 2581 1735 2620 trium·
1786 2587 1787 2608 ³

359 2635 560 2685 pluiturus,
589 2632 615 2670 fi
636 2633 878 2685 triumphum
898 2636 1048 2680 diutius,
1076 2636 1210 2674 exailo
1228 2635 1456 2682 Consulatu,
1474 2634 1745 2688 protraxifi'en

357 2693 497 2739 Itaque
521 2702 597 2728 non
628 2689 747 2729 obstat
774 2689 837 2728 hie
864 2690 1090 2744 triumphus,
1119 2703 1197 2741 quo
1234 2692 1362 2730 minus
1388 2691 1573 2731 Kalendae
1601 2703 1749 2731 tamen-
1784 2713 1786 2737 ι

359 2742 532 2786 Οἱέοὸνες
560 2745 732 2785 ineundo
761 2743 966 2786 consulari
990 2757 1095 2786 anno
1119 2745 1273 2787 fuerint
1297 2746 1491 2806 legitimae,
1519 2758 1557 2786 vt
1579 2747 1750 2790 nostrae,
1784 2740 1786 2788 l

1599 2802 1735 2843 ferunt
1776 2821 1784 2841 ι
