1796 3120
312 99 426 153 2694
480 98 673 140 NOTAE
701 99 778 139 AD
813 98 1086 139 CHRONOL.
1115 75 1640 141 GRAEC‘o-ROMANAM

312 213 407 256 310.
430 202 617 255 Epochae
637 203 759 256 Capit.
787 202 958 253 proinde
981 214 1074 255 311.
1110 202 1370 251 varronianae,
1403 205 1471 255 qui
1490 216 1621 245 tamen
1639 206 1707 247 ca·

312 261 489 300 tonianae
510 271 601 311 312.
633 256 689 297 est
712 268 876 312 propter
899 271 936 313 3.
969 271 1119 298 annum
1138 259 1456 301 Decemuirorum.
1505 262 1583 302 Sed
1600 276 1708 303 311110

312 315 461 358 Iuliano
484 315 665 367 sequenti.

428 371 530 410 Hinc
558 368 777 422 Dionyfi'um
802 382 826 409 e
845 371 957 409 Liuio
987 368 1230 422 supplemus,
1258 370 1327 422 qui
1354 369 1531 423 sequitur
1557 372 1706 425 easdem,

313 439 411 480 quas
433 427 651 478 Dionysius,
682 428 850 466 rationes
876 428 1109 466 Catonianos.
1288 472 1296 480 ἡ

425 495 520 533 439.
550 484 739 522 Decemb.
775 496 848 522 vet.
882 486 980 524 XIII.
1013 481 1205 522 Decemb.
1245 483 1386 523 Iuliani
1412 485 1578 526 XXVII,
1623 494 1708 526 erat

312 552 420 581 anno
443 539 544 591 cycli
562 541 704 579 XXIII.
736 552 814 590 quo
833 537 979 578 inibant
1000 537 1078 589 seq.
1096 539 1189 577 anni
1215 539 1310 592 (30ss

425 603 520 648 438.
551 595 763 635 Decembr.
803 609 874 634 vet.
907 597 1012 635 XIII.
1049 595 1154 634 idem
1205 595 1415 634 Decembr.
1451 594 1587 635 Iuliani
1623 607 1707 637 erat

312 651 440 692 XVH.
462 664 541 701 quo
561 650 712 692 inibant
726 653 820 691 anni
826 653 1018 705 sequentis
1038 650 1133 703 Coffi
1151 662 1258 690 anno
1281 651 1382 701 cycli
1399 655 1538 692 XXIV.

427 720 521 760 437.
551 708 763 747 Decembr.
792 722 864 747 vet.
892 710 998 747 XIII.
1035 707 1266 749 Decembris
1301 708 1442 748 Iuliani
1469 710 1556 749 VII.
1601 721 1707 748 anno

314 765 422 816 Cycli
443 767 471 802 I.
500 776 578 814 quo
602 765 751 804 inibant
769 763 1058 817 annifiquentis
1080 762 1175 814 Coffi
1330 768 1333 770 ’
1654 774 1656 776 ·

427 823 522 873 436.
551 821 742 859 Decemb.
775 834 848 860 vet.
871 823 973 861 XIII.
1005 819 1220 859 Nouembr.
1257 819 1402 859 Iuliani
1432 822 1568 861 XXVI.
1599 833 1707 860 anno

316 877 423 927 Cycli
443 879 489 916 Π.
511 888 589 925 quo
611 877 758 916 inibant
783 876 875 916 anni
893 877 1083 929 sequentis
1106 875 1287 915 Tribuni.
1342 878 1429 915 Hoc
1446 890 1550 915 anno
1581 876 1708 916 Dicta-

311 942 404 975 tura
427 935 474 972 Π.
506 932 551 973 L.
570 931 740 987 Quinb't'ii
759 934 990 981 Cincinnati,
1017 946 1094 983 qua
1112 933 1264 985 Spurius
1283 933 1422 972 Melius
1441 930 1595 971 occisus.
1641 934 1708 974 De

313 1002 392 1040 qua
413 990 464 1028 ita
485 988 633 1029 Auflor
654 991 703 1028 de
724 991 803 1028 Vir.
824 988 1004 1028 lllustn'b.
1040 990 1180 1028 Iterum
1195 987 1276 1041 post
1293 992 1428 1042 viginti
1445 1002 1560 1028 annos
1576 988 1709 1031 Dich-
1743 1028 1756 1036 f

311 1059 378 1088 tor
400 1046 532 1091 dicius,
564 1045 740 1097 Spurium
756 1044 919 1086 Melium
929 1045 1096 1101 Regnum
1117 1044 1343 1096 afficfiantem
1359 1059 1379 1082 a
1399 1044 1552 1084 Seruilio
1573 1045 1705 1091 Ahala,

310 1098 504 1158 Magzstro
524 1101 717 1154 Equitum,
744 1102 859 1142 occidi
890 1100 1001 1155 iuffit.
1060 1103 1216 1152 Nempe
1244 1114 1315 1152 pro
1344 1101 1504 1152 Epocha
1529 1100 1711 1152 Dionysii

315 1159 542 1199 Catoniana.
577 1159 685 1197 Prior
707 1160 922 1198 Cincinnati
941 1158 1141 1197 Diffiatura
1161 1168 1245 1197 erat
1264 1170 1368 1196 anno
1393 1157 1436 1196 V.
1450 1155 1596 1210 0296.
1627 1160 1708 1197 Hu-

313 1214 374 1255 ius
408 1225 541 1254 autem
569 1215 662 1253 anni
687 1214 781 1266 Coss.
807 1214 1054 1260 conueniunt
1089 1227 1192 1253 anno
1215 1214 1312 1252 VC.
1335 1216 1426 1265 316.
1465 1224 1501 1252 vt
1529 1226 1552 1252 e
1570 1212 1708 1252 nostris

315 1270 425 1312 hisce
448 1269 694 1321 Dionysianis
712 1271 875 1310 Tabulis
896 1280 1070 1321 apparet.
1129 1271 1219 1308 Non
1242 1269 1294 1308 ita
1314 1269 1355 1306 in
1377 1270 1538 1310 Tabulis
1571 1270 1708 1309 Varro-

314 1326 442 1368 nianis
462 1328 564 1366 XIII.
583 1326 632 1366 ad
651 1325 774 1365 finem
795 1326 937 1377 Operis
965 1326 1016 1365 de
1035 1324 1163 1375 Cyclis.
1222 1325 1281 1364 Ibi
1302 1326 1408 1364 enirn
1429 1339 1578 1365 annum
1592 1339 1710 1364 00011-

313 1394 412 1437 pant
435 1383 477 1422 V.
491 1381 531 1422 C.
545 1394 637 1435 315.
678 1383 776 1422 Inde
796 1380 951 1429 constat,
970 1398 991 1422 a
1010 1382 1226 1421 Catonianis
1248 1380 1323 1420 hoc
1340 1380 1381 1420 in
1403 1382 1546 1421 calculo
1566 1378 1708 1420 stetisse

313 1439 533 1481 Au&01·em
554 1439 604 1477 de
624 1438 726 1478 Viris
745 1437 964 1490 Illustrihus.
991 1438 1095 1477 Vide
1119 1435 1230 1488 supra
1253 1449 1346 1491 457.
1368 1451 1473 1477 anno
1495 1448 1588 1477 ante
1602 1437 1709 1479 Chri-

306 1496 419 1550 stum.
451 1498 664 1547 Propterea
685 1496 792 1533 enim
805 1497 971 1546 priorem
990 1493 1091 1532 illius
1111 1494 1355 1533 Dic‘iaturam
1383 1493 1596 1540 retulimus,
1615 1494 1706 1544 quia

311 1554 359 1595 in
375 1553 540 1605 priorem
559 1551 653 1590 anni
666 1550 878 1602 Consularis
898 1551 999 1589 illius
1019 1559 1171 1603 partem
1189 1550 1336 1599 incidit,
1352 1552 1584 1604 prioremque
1604 1551 1706 1590 adeo

316 1622 468 1654 aunum
492 1608 691 1648 Iulianum.

428 1676 524 1719 435.
553 1663 743 1703 Decemb.
763 1674 835 1702 vet.
856 1664 952 1702 XIII.
973 1662 1166 1700 Decemb.
1190 1660 1335 1702 Iuliani
1351 1665 1459 1703 VIII.
1479 1676 1584 1701 anno
1604 1661 1707 1712 Cycla?

315 1723 384 1763 111.
405 1733 484 1772 quo
501 1718 647 1759 inibant
667 1718 758 1759 anni
770 1718 961 1773 fiquentis
981 1716 1072 1770 Coffi
1129 1717 1205 1757 Hic
1223 1731 1348 1757 annus
1371 1717 1426 1757 est
1442 1722 1706 1772 trecentesimus

320 1780 482 1822 decimus
503 1779 656 1830 quintus
675 1775 875 1826 Eutropio.
896 1814 899 1815 γ
933 1778 1006 1814 Pro
1027 1774 1186 1825 Epocha
1207 1774 1431 1826 Capitolina.

431 1846 526 1886 434.
558 1833 749 1874 Decemb.
777 1845 847 1870 vet.
875 1833 974 1871 XIII.
1005 1832 1105 1869 Nou.
1126 1829 1266 1869 Iuliani
1286 1833 1457 1871 xxvssl.
1480 1845 1583 1870 311110
1603 1831 1706 1882 Cycli

317 1893 386 1932 lv.
407 1902 486 1940 quo
507 1888 653 1929 inibant
671 1889 765 1928 anni
781 1887 969 1942 liquentis
989 1883 1085 1940 Coffi
1140 1886 1388 1938 Triumphus
1412 1887 1533 1927 Mam.
1551 1889 1702 1928 Aemilii

319 1947 547 1988 Mamercini
574 1943 670 1985 Idib.
699 1944 798 1998 Sept.
825 1941 982 2000 Augusti
1008 1943 1146 1982 Iuliani
1172 1943 1238 1981 die
1265 1946 1400 1984 XXXI.
1421 1942 1626 1984 Consulari
1642 1959 1705 1984 ex-

321 2016 437 2049 eunte,
470 2013 508 2040 vt
530 2001 694 2040 videtur.
751 2004 872 2040 Anno
893 2010 1100 2051 praeterea
1119 2002 1250 2039 Aerae
1262 2001 1489 2051 Capitolinae
1514 2004 1605 2052 316.
1635 2001 1704 2052 qui

322 2060 583 2101 Varronianus
603 2067 688 2097 erat
715 2069 806 2110 317.
835 2070 907 2108 pro
934 2054 1112 2108 Dionyfii
1139 2059 1244 2097 Aera
1275 2056 1486 2100 Catoniana
1505 2063 1597 2110 318.
1615 2070 1702 2109 pro-

321 2126 416 2170 pter
436 2127 586 2155 annum
607 2114 910 2153 Decemusroraeum
928 2110 1140 2151 infititium.
1597 2141 1599 2143 ,

431 2184 526 2225 433.
557 2170 747 2213 Decemb.
760 2183 831 2209 vet.
842 2171 942 2211 XIII.
961 2167 1153 2207 Decemb.
1175 2167 1314 2208 Iuliani
1331 2170 1395 2208 XI.
1417 2181 1522 2207 anno
1535 2167 1638 2219 cycli
1654 2171 1701 2210 V.

323 2240 404 2280 quo
425 2226 570 2266 inibant
589 2227 681 2265 anni
694 2225 886 2280 fiquentis
909 2223 1004 2276 Coff

437 2296 530 2336 432.
562 2283 751 2321 Decemb.
773 2296 844 2322 vea.
864 2278 1172 2320 X111.Decemb.
1191 2278 1328 2318 Iuliani
1344 2280 1461 2320 XXX.
1483 2292 1589 2321 anno
1602 2280 1704 2330 Cycla·

323 2340 389 2381 VI.
411 2351 488 2389 quo
505 2338 654 2378 inibant
673 2338 765 2377 anni
772 2337 967 2390 fiquentis
992 2336 1085 2389 Coff

435 2407 530 2447 431.
560 2396 625 2433 De
644 2393 752 2434 huius
773 2393 867 2432 anni
897 2391 991 2444 CoJJT
1017 2392 1070 2431 ita
1095 2390 1270 2440 loquitur
1293 2392 1438 2438 Liuius,
1481 2400 1519 2430 vt
1538 2391 1625 2432 fere
1646 2389 1705 2431 su·

323 2447 538 2502 spicionem
556 2461 716 2490 moueat
735 2452 823 2489 anni
843 2447 1064 2488 Consularis
1083 2444 1207 2500 omiffi.
1237 2449 1367 2487 Habet
1386 2449 1493 2487 enim
1514 2460 1536 2487 e
1554 2446 1704 2499 diuerst's

323 2505 561 2547 Au&o1·ibus
579 2505 735 2558 duplices
755 2505 871 2544 huius
891 2503 1047 2554 eiusdem
1065 2503 1157 2542 anni
1179 2501 1273 2555 Coff.
1301 2502 1466 2544 Causam
1487 2515 1616 2543 tamen
1637 2505 1704 2542 irn-

324 2562 499 2616 peditam
526 2563 696 2613 expedit,
726 2562 767 2600 ni
792 2560 915 2606 fallor,
952 2559 1026 2598 hoc
1053 2559 1094 2597 in
1125 2559 1209 2597 loco
1231 2559 1446 2609 Diodorus,
1477 2560 1584 2599 euius
1607 2560 1703 2598 haec

326 2617 444 2661 verba
462 2616 561 2669 sunt,
577 2619 635 2660 Ol.
648 2625 710 2670 88.
729 2631 769 2663 2.
796 2616 948 2664 Ῥωμαῖοι
969 2622 1153 2660 nmis-nom
1174 2620 1246 2655 ἀντὶ
1277 2618 1345 2655 τῶν
1375 2616 1509 2655 §aaran
1524 2621 1705 2663 κιλιάςχες

1605 2677 1704 2733 ῑεεῖς,
