1796 3120
291 102 402 153 2726
456 102 650 141 NOTAE
674 101 752 141 AD
787 99 1061 141 CHRONOL.
1082 98 1604 143 GRAECO-ROMANAM

287 208 514 259 proximus(
558 208 605 245 In
625 217 674 244 eo
696 204 803 244 enim
823 219 845 244 a
865 203 1019 256 Polybii
1037 203 1193 243 confilio
1214 202 1465 256 discrepabat,
1489 204 1596 257 quod
1615 211 1677 244 res

290 263 394 303 Bello
419 262 543 315 gestas
561 262 603 299 in
627 260 756 302 Sicilia
777 260 918 312 primas
938 260 985 301 ab
1005 261 1126 314 Appio
1147 261 1303 301 Claudio
1329 261 1482 313 Confiale
1504 275 1574 314 pro
1586 260 1677 302 Belli

290 319 454 371 Epocha
479 317 651 357 habebat
669 318 857 368 Polybius,
877 330 956 368 quo
975 319 1140 369 primum
1161 327 1341 369 ternpore
1351 317 1501 369 fretum
1518 317 1677 366 Siculum

292 376 443 415 traiecit
461 376 626 426 Appiu53
655 383 789 413 contra
806 372 1010 425 Dionyfius
1029 373 1076 413 ab
1097 387 1146 412 eo
1166 386 1270 413 anno
1281 373 1421 413 Bellum
1440 371 1580 420 censet,
1596 386 1676 425 quo

292 434 333 471 in
355 430 464 470 Italia
484 431 689 469 decretum
707 428 773 477 est,
805 430 913 480 quod
944 428 1016 482 ips&
1045 440 1290 481 compertum
1320 428 1466 478 habuit,
1493 430 1583 469 licet
1611 429 1676 470 aiii

292 488 479 540 plerique
498 484 707 526 nescirent.
753 487 844 525 Non
863 496 996 525 autem
1018 486 1132 525 aliter
1152 484 1341 525 constabit
1365 499 1533 526 numerus
1555 499 1676 526 anno-

294 557 381 584 rum
402 542 517 581 huius
537 541 629 582 Belli
647 544 784 582 XXIV.
805 554 926 593 quem
946 551 1079 581 tamen
1099 539 1275 595 agnoscit
1292 554 1375 580 non
1396 543 1526 582 Liuius
1543 541 1674 588 modo,

291 612 429 640 verum
450 598 568 637 'etiarn
592 596 674 651 ipse
695 598 885 650 Polybius.
914 601 943 640 I.
973 602 1039 648 68.
1103 599 1230 638 Finem
1249 608 1357 637 certe
1376 598 1464 639 Belli
1482 596 1551 638 sub
1568 598 1677 638 Luta·

286 661 343 698 tio
383 666 424 695 et
462 653 674 705 Posthumio
715 653 815 695 Coss.
855 652 1030 707 agnoscit
1059 655 1237 695 Liuianus
1270 654 1392 710 Mago
1433 656 1572 696 XXIII.
1612 654 1674 707 13.

292 710 485 764 Agnoscit
511 709 594 763 ipse
625 712 759 752 Liuius
787 714 904 752 XXX.
936 723 1002 766 44.
1060 714 1108 753 Et
1137 710 1299 761 quidem
1328 709 1411 763 ipso
1436 711 1503 750 illo
1524 710 1675 750 Lutatio

295 767 457 821 Consule
487 769 589 808 XXI.
623 774 685 817 18.
745 768 880 808 Pacem
903 767 1042 807 datam.
1099 770 1149 807 Et
1164 766 1348 820 proelium
1365 767 1414 807 ad
1433 769 1591 823 Aegates
1611 765 1677 805 de-

292 824 507 863 cretorium
527 823 684 864 fatetur.
745 826 832 864 Hae
859 834 978 863 notae
996 821 1113 874 finem
1129 823 1227 864 Belli
1253 823 1306 863 ita
1336 836 1446 863 anno
1466 823 1676 865 catoniano

291 896 315 934 ς
327 894 386 922 10.
407 881 518 920 Varr.
540 893 631 934 512.
650 878 828 933 affigunt,
847 889 895 926 vt,
916 877 985 919 nifi
1004 880 1079 919 hoc
1098 893 1203 920 anno
1223 880 1435 922 catoniano
1451 885 1545 934 487.
1561 878 1674 919 Varr-

292 943 387 991 489.
407 941 587 989 coeperit,
617 949 806 975 numerus
832 936 900 975 ille
928 935 1093 975 omniuo
1122 934 1298 976 constare
1328 949 1408 975 non
1432 934 1556 989 poffit.
1614 935 1678 975 Sic

293 995 388 1032 item
407 994 633 1033 numer-anit
650 993 808 1039 Auctor,
844 992 1075 1044 quicunque
1096 993 1258 1032 demum
1276 992 1307 1031 is
1325 991 1458 1042 fuerit,
1488 991 1676 1044 Eutropii,

291 1051 361 1100 qui
381 1053 495 1091 tertio
520 1049 618 1089 Belli
640 1062 745 1088 anno
768 1049 904 1088 tribuit
921 1048 1055 1089 Pacem
1068 1061 1162 1099 ¹*cum
1179 1048 1352 1088 Hierone.
1395 1050 1459 1090 Sic
1476 1048 1594 1089 etiam
1612 1046 1678 1087 So·

289 1107 361 1147 lini
384 1106 541 1153 Auctor,
571 1118 660 1144 cum
687 1104 802 1145 huius
824 1100 922 1145 Belli
950 1107 1103 1158 initium
1128 1117 1236 1146 anno
1262 1106 1431 1157 imputat
1449 1105 1495 1155 V.
1514 1105 1554 1145 C.
1579 1109 1676 1158 489.

292 1177 375 1214 cap.
388 1174 427 1203 2.
489 1161 695 1201 Conuenit
716 1161 995 1202 accuratiffime
1015 1171 1108 1202 cuns
1121 1159 1250 1202 nostro
1277 1160 1351 1201 hoc
1372 1159 1548 1213 Dionyfi'i
1566 1173 1677 1199 exor-

292 1219 378 1264 dio,
408 1218 436 1256 fi
463 1218 626 1270 quidem
650 1216 854 1269 Epocham
883 1216 1092 1268 sequamur
1123 1217 1411 1258 Varronianam.
1471 1215 1677 1258 Conuenit

293 1275 458 1321 viciffim,
488 1274 626 1321 fateor,
657 1287 746 1313 cum
762 1271 846 1325 ipso
864 1276 981 1327 Appii
1004 1273 1225 1325 Confidam,
1250 1287 1321 1326 pro
1341 1273 1502 1326 Epocha
1525 1274 1678 1326 Capito·

291 1331 390 1378 lina,
422 1344 502 1370 non
523 1330 653 1370 minus
670 1339 860 1373 accurate.
914 1330 1025 1370 Illam
1056 1341 1188 1370 autem
1215 1329 1465 1382 Epocharum
1491 1326 1677 1381 diuetfita-

293 1402 365 1429 tem
387 1386 554 1427 nesciuit
572 1384 655 1438 ipse
673 1386 832 1428 Solinus.
889 1389 981 1426 Non
1002 1397 1134 1427 tamen
1151 1387 1263 1425 iuero
1290 1385 1448 1433 inficias,
1469 1385 1678 1437 receptissi-

290 1458 397 1490 mam
416 1441 495 1482 efl'e
515 1441 761 1490 sententiam,
793 1455 895 1493 quae
923 1443 1022 1483 Belli
1053 1443 1187 1485 Punici
1212 1444 1360 1482 initium
1389 1443 1437 1482 ab
1456 1444 1569 1496 Appii
1588 1442 1678 1483 con,

280 1500 415 1555 sulatu
442 1497 669 1550 auspicatur,
702 1508 743 1537 et
770 1498 995 1540 terminabat
1024 1497 1280 1550 sequentibus
1302 1498 1382 1552 post
1407 1499 1599 1538 vicht-iam
1627 1497 1677 1539 ad

291 1560 453 1613 Aegates
475 1553 569 1608 COffi
622 1557 798 1605 Eratque
819 1553 929 1595 causa
949 1553 1033 1595 satis
1051 1554 1263 1594 verifimilis
1284 1565 1447 1606 vtroque
1467 1554 1587 1595 modo
1606 1568 1678 1593 uu-

292 1612 483 1652 merandi.
545 1611 628 1651 Cur
657 1611 704 1650 ab
739 1611 803 1651 hoc
835 1625 941 1650 anno
968 1612 1157 1651 calculum
1188 1611 1356 1658 inirent,
1398 1611 1506 1663 quod
1531 1610 1678 1652 Bellum

295 1669 418 1710 suerit
438 1669 512 1707 hoc
529 1681 634 1706 auno
655 1668 860 1707 decretum:
891 1667 976 1708 Cur
1009 1669 1106 1706 item
1125 1666 1174 1706 ad
1202 1680 1352 1707 annum
1373 1666 1455 1720 post
1482 1667 1677 1708 victoriam

294 1726 574 1778 producerent,
603 1723 708 1774 quod
729 1723 815 1763 Pax
839 1721 973 1763 saltem
994 1733 1076 1763 turn
1094 1723 1216 1763 fuerit
1237 1739 1258 1763 a
1275 1725 1414 1763 Senam
1436 1722 1674 1764 confirmata.

293 1782 358 1822 Sic
375 1781 473 1821 Beni
491 1778 606 1831 finem
626 1780 794 1820 Luc'iatio
818 1780 898 1821 Cos.
919 1779 1054 1820 tribuit
1077 1779 1211 1820 Liuius
1233 1780 1275 1820 in
1300 1779 1461 1833 Epitom.
1473 1781 1573 1820 XIX.
1602 1780 1675 1820 Pa-

293 1852 368 1878 cem
394 1847 528 1877 autem
563 1836 656 1888 Coffi
669 1835 909 1891 sequentibus
936 1838 1051 1877 XXX.
1107 1836 1228 1875 Nobis
1258 1847 1390 1876 autem
1417 1835 1502 1877 satis
1531 1835 1604 1884 est,
1635 1845 1675 1876 vt

293 1893 555 1939 ostendamus,
567 1892 705 1932 nullum
724 1890 838 1932 fuifi'e
862 1891 1032 1942 Dionjfii
1050 1905 1224 1933 errorem.

407 1951 500 2002 264.
531 1950 653 1989 Iniuit
673 1950 811 2002 Appius
830 1949 1082 1999 Consulatum,
1113 1962 1184 2000 pro
1205 1947 1342 2001 nostris
1360 1946 1584 1995 rationibus,
1603 1947 1676 1988 Idi-

294 2004 360 2047 bus
380 2004 586 2059 Aprilgbuss
609 2006 756 2058 Aprilis
782 2012 928 2058 nempe
952 2006 1090 2046 Iuliani
1117 2005 1180 2044 die
1198 2007 1340 2046 XVIII.
1368 2017 1438 2057 pro
1467 2003 1542 2043 hoc
1569 2017 1675 2043 anno

295 2063 395 2115 Cyclz'
413 2064 501 2103 Vli.
561 2064 670 2102 Tum
688 2062 926 2102 demandata>
939 2063 991 2101 illi
1014 2060 1216 2102 Prouincia
1237 2059 1373 2107 Sicilia,
1403 2070 1442 2099 vt
1457 2059 1598 2100 Bellum
1616 2060 1675 2098 in-

294 2121 444 2170 ciperet
469 2118 537 2158 illo
564 2119 602 2158 V.
625 2118 666 2159 C.
691 2131 810 2164 anno,
830 2118 896 2172 qui
924 2133 945 2157 a
957 2115 1216 2171 superioribus
1243 2117 1385 2158 inierat
1413 2113 1600 2162 Palilibus,
1633 2125 1674 2155 et

296 2174 440 2226 olymp.
465 2177 577 2231 128}
602 2187 673 2226 pro
702 2173 877 2228 partibus
903 2173 1163 2227 responderit.
1239 2174 1406 2215 Primum
1435 2172 1542 2211 enim
1568 2170 1674 2212 illum

293 2229 409 2273 fuifl'e
442 2231 540 2272 Belli
561 2230 763 2284 Confidem,
794 2243 933 2272 ornnes
959 2229 1222 2270 consentiunt.
1287 2231 1503 2279 Vtcunque
1530 2236 1673 2275 tamen,

293 2287 435 2340 partim
449 2288 632 2339 procellis,
663 2287 801 2339 partim
821 2299 904 2327 arte
921 2286 1135 2332 Poenorum,
1169 2283 1366 2332 effectum,
1395 2294 1432 2322 vt
1451 2283 1604 2334 fretum
1619 2284 1676 2324 Si-

294 2342 424 2390 culum,
453 2353 546 2382 ante
563 2357 709 2383 nouam
729 2341 997 2396 Olympiadem,
1027 2353 1130 2394 quae
1158 2341 1268 2381 Iunio
1298 2340 1428 2393 coepit
1453 2339 1598 2380 Iuliano
1625 2340 1675 2380 ad

294 2401 437 2439 exitum
455 2409 668 2451 vergente,
698 2412 780 2437 non
811 2398 1017 2439 traiecerit.
1075 2399 1182 2436 Tum
1213 2394 1383 2437 secunda
1419 2395 1556 2436 habuit
1586 2409 1674 2436 cum

293 2456 431 2497 Poenis
450 2464 569 2505 atque
589 2457 752 2496 Hierone
771 2454 929 2506 proelia,
960 2464 997 2493 vt
1022 2466 1092 2493 nos
1121 2452 1253 2492 docuit
1281 2450 1466 2502 Polybius.
1521 2452 1675 2494 Eodem

261 2555 266 2560 ,
297 2522 478 2563 tempore
501 2511 719 2563 paludatum
743 2511 863 2552 Roma
888 2506 1090 2550 disceffiffe
1120 2506 1324 2549 verisimile
1351 2508 1419 2556 est,
1447 2521 1525 2559 quo
1548 2518 1588 2546 et
1605 2506 1676 2546 col·

294 2568 377 2624 lega
396 2568 438 2606 in
461 2565 717 2621 Vussnienfis,
750 2566 818 2618 qui
834 2566 885 2607 de
908 2564 1187 2619 Vulsinienfibus
1213 2564 1470 2617 triumphauit
1497 2563 1675 2604 Kalendis

293 2622 380 2676 ipfis
391 2622 675 2670 Nouembribus,
698 2621 794 2663 teste
806 2623 1105 2677 Capitolinomm
1117 2620 1314 2662 Fastorum
1333 2620 1548 2667 conditore,
1571 2631 1674 2670 quae
1717 2624 1724 2625 ’

294 2692 384 2719 cum
396 2679 623 2721 Nouembris
640 2679 773 2720 Iuliani
795 2677 967 2719 fimih'ter
986 2677 1164 2718 Kalendis
1180 2677 1247 2716 illo
1265 2690 1369 2717 anno
1388 2676 1673 2716 coincidebant.

294 2733 510 2789 Hucusque
540 2748 638 2791 ergo
665 2746 818 2793 certum
840 2734 897 2776 est
920 2735 1032 2776 illum
1057 2735 1171 2791 Appii
1194 2733 1438 2787 Confitlatum
1462 2728 1674 2828 pertigige‘3
