1796 3120
309 98 423 153 2652
477 97 668 138 NOTAE
695 97 772 139 AD
802 93 1073 163 CHRQNOL.
1108 97 1628 141 GRAECO-ROMANAM

317 205 426 244 enim
461 203 723 256 probauit-nus,
780 201 985 248 Martium,
1023 202 1129 241 cuius
1158 203 1257 253 prid.
1295 205 1382 242 Kal.
1412 204 1575 256 perierit
1601 206 1696 246 Bru-

313 275 388 308 tus,
423 259 678 312 posteriorem
704 254 1038 303 fuissessMartium,
1075 257 1143 308 qui
1171 257 1409 311 Septembrem
1446 259 1597 299 secutus
1629 260 1701 309 est,

315 331 397 356 non
419 326 551 355 autem
580 316 758 368 priorem,
793 314 861 365 qui
881 314 1160 364 Septembrem
1191 316 1430 368 praeccff’rit.
1488 317 1550 357 Sic
1566 317 1697 359 nullus

314 373 435 413 fuerit
462 371 503 408 in
534 372 666 424 priori
687 370 843 409 Horatii
868 368 1070 424 Confitlatu
1097 368 1311 421 September,
1338 384 1428 421 ,quo
1458 374 1596 413 clauum
1625 371 1696 425 ipsi

315 428 441 481 figere
471 426 636 464 licuerit.
696 425 882 477 Suppetit
910 436 950 464 et
977 425 1083 465 aliud
1119 422 1434 477 Argumentum,
1465 429 1622 479 pariter,
1653 427 1696 467 ni

313 484 438 528 fallor,
468 481 667 521 inuictum.
726 482 880 521 Aedem
903 483 1129 522 Concordiae
1154 481 1350 522 dedicauit
1374 482 1522 525 Flauius
1551 485 1694 525 Scriba.

312 537 535 588 Inciditque
556 538 597 575 in
618 537 758 577 tabella
786 549 901 577 aerea
933 550 1019 577 eam
1049 537 1189 577 aedem
1219 551 1359 577 centum
1386 551 1550 591 quatuor
1578 555 1696 580 annos

308 595 391 649 post
421 593 667 648 Capitolinam
707 593 924 633 dedicatam.
981 597 1037 633 Ita
1062 593 1208 634 Plinius
1241 596 1325 633 Nat.
1356 595 1633 637 Hist.XXX111.
1658 610 1693 639 1.

311 657 358 693 In
378 663 546 689 numero
565 663 760 689 annorum
781 662 899 688 vnum
924 653 1172 689 centenarium
1200 648 1331 689 deefi'e
1351 651 1599 691 manifestum
1627 652 1692 691 est.

311 710 414 748 Nam
432 706 820 754 deAIcationemjllam
841 705 882 745 P.
897 707 1112 759 Sempronio
1134 707 1271 761 Longo,
1292 707 1404 746 Lucio
1424 707 1578 759 Sulpitio
1592 706 1693 748 Coss.

316 764 514 817 peractam
534 760 709 815 agnoscit
730 763 861 801 Liuius
881 764 945 803 IX.
957 765 1021 814 46.
1048 771 1089 800 et
1106 762 1257 801 ibidem
1278 763 1428 803 Plinius.
1484 762 1695 815 Perperatn

314 831 449 862 autem
460 817 560 859 Coff.
587 818 673 857 illos
701 831 806 858 anno
825 818 959 857 tribuit
983 819 1308 860 CCCCXLV111.—
1325 820 1372 858 ab
1394 819 1503 859 Vrbe
1522 820 1702 868 Condita,v

316 877 383 929 qui
403 873 674 928 Magistratum
707 874 899 913 tenebant
926 888 1030 913 anno
1059 874 1528 925 Epocllae·⁴÷Varronianae
1554 888 1696 916 reuera

310 946 409 987 450.
441 941 480 970 vt
509 944 532 969 e
553 929 679 969 nostra
706 929 852 970 constat
879 929 969 969 Tab.
994 931 1089 970 xm.
1115 930 1163 969 ad
1191 927 1285 970 Diff.
1316 931 1366 970 de
1395 931 1515 981 Cyclt's
1534 936 1576 972 X.
1633 933 1706 972 Sic.

313 999 448 1030 autem
475 999 661 1025 numerus
688 985 875 1025 constabit
901 986 1187 1033 accuratissime,
1214 986 1241 1025 fi
1259 1001 1380 1027 annus
1400 988 1584 1039 Epochae
1605 989 1697 1028 Var-

314 1048 492 1087 ronianae
511 1055 604 1096 247.
625 1041 723 1093 (quo
751 1044 858 1082 tertii
877 1053 989 1082 erant
1012 1043 1054 1080 in
1073 1041 1232 1093 Epocha
1258 1045 1488 1084 Varroniano
1507 1043 1694 1100 consides)

314 1102 462 1154 primus
493 1109 724 1137 numeretur
743 1099 865 1138 Aedis
888 1099 1132 1150 Capitolinae.
1189 1102 1247 1139 Ita
1274 1100 1380 1138 enim
1402 1099 1486 1148 fiet,
1511 1110 1551 1145 yt
1569 1113 1694 1140 annus

312 1158 568 1198 Varronianus
591 1167 692 1208 450,
721 1155 827 1194 idern
861 1155 981 1195 Aedis
1020 1153 1250 1207 Capitolinae
1284 1155 1422 1202 fuerit,
1473 1166 1510 1194 vt
1539 1157 1694 1196 volebat

312 1215 468 1255 Flauius
493 1211 634 1257 Scriba,
654 1223 746 1264 204.
802 1210 1002 1262 Epocham
1030 1221 1165 1250 autem
1184 1212 1430 1263 Polybianam
1454 1210 1693 1263 sequebatur

313 1272 380 1310 illo
398 1270 437 1308 in
466 1269 551 1307 loco
580 1267 734 1314 Plinius,
766 1277 803 1305 vt
829 1267 918 1306 alibi
949 1268 1206 1315 Catonianam,
1240 1281 1326 1307 cum
1354 1269 1404 1307 de
1432 1269 1595 1308 aliorum
1614 1272 1694 1308 Au-

314 1327 463 1366 &orum
482 1340 503 1364 a
523 1322 561 1363 se
583 1333 860 1374 excerptorum
881 1321 1074 1363 sententia
1097 1324 1282 1374 loquitur.
1323 1322 1452 1376 Ipsum
1474 1324 1581 1363 enim
1603 1325 1696 1364 Var-

312 1384 515 1425 romanum
543 1377 656 1418 fuisse
679 1379 942 1431 probauimus.
1001 1380 1105 1419 Hinc
1127 1380 1242 1419 etiam
1271 1380 1399 1420 obiter
1425 1380 1692 1433 intelligimus,

315 1438 593 1482 Varronianam
620 1435 931 1487 Chronologiam
960 1436 1137 1475 omnium
1165 1437 1479 1476 accuratiffimam
1509 1435 1609 1484 effe,
1638 1449 1693 1476 ne

314 1496 477 1547 quidem
495 1493 558 1531 illa
578 1500 753 1542 excepta,
784 1504 901 1542 quam
934 1489 1109 1543 sequitur
1130 1492 1332 1545 Dionysius
1356 1490 1449 1544 ipse,
1479 1493 1692 1533 Catoniana.

310 1551 443 1593 Tertio
462 1562 558 1589 anno
571 1547 655 1601 post
674 1547 791 1602 Reges
823 1548 967 1588 exac‘los
1002 1547 1231 1601 Tarquinius,
1260 1546 1486 1600 cumfiifiipi
1512 1562 1583 1589 non
1608 1549 1694 1602 pos

299 1612 366 1664 fit
385 1610 425 1647 in
450 1607 628 1661 Regnum,
658 1616 772 1657 neque
791 1606 822 1642 ei
845 1603 1022 1654 Porsina,
1057 1607 1123 1658 qui
1139 1605 1270 1644 Pacem
1301 1618 1376 1643 cum
1397 1604 1573 1645 Romanis
1590 1606 1694 1657 fece-

313 1678 386 1711 rat,
414 1662 597 1703 auxilium
617 1659 830 1713 praestaret,
865 1660 1059 1711 Tusculum
1076 1663 1123 1715 st
1150 1661 1316 1708 contulit,
1347 1674 1437 1713 quae
1458 1664 1588 1701 ciuitas
1617 1659 1694 1702 non

312 1724 423 1776 longe
440 1718 485 1759 ab
512 1718 610 1759 Vrbe
630 1716 700 1769 est:
728 1729 838 1770 atque
854 1714 905 1755 ibi
916 1727 985 1770 per
1001 1718 1277 1771 quatuordecim
1297 1731 1413 1757 annos
1426 1720 1594 1771 priuatus
1615 1725 1693 1759 cum

309 1791 430 1819 vxore
449 1775 650 1829 persenuit.
670 1775 832 1824 Eutrop.

425 1845 517 1887 504.
553 1831 754 1882 Tarquinii
799 1827 953 1882 Superbi
987 1842 1077 1869 ann.
1106 1826 1242 1879 Exfilt'i
1267 1831 1332 1869 IV.
1369 1829 1493 1869 Aetat.
1523 1830 1691 1870 LXXIX.

314 1891 389 1929 Res
408 1887 515 1941 gesta
535 1888 639 1925 inter
657 1882 837 1937 Etrufios
858 1896 898 1924 et
913 1887 1088 1926 Aricinos
1108 1884 1176 1924 sub
1200 1885 1313 1924 huius
1329 1886 1421 1925 anni
1443 1886 1535 1938 Coss.
1551 1886 1591 1924 in
1615 1898 1692 1937 qua

313 1955 467 1998 partem
494 1942 636 1982 habuit
661 1941 923 1992 Aristodemus,
943 1952 1130 1993 tyrannus
1151 1942 1348 1982 Cumanus.
1403 1943 1585 1982 Aruntem
1613 1942 1691 1989 ille,

310 2000 498 2053 Porsenae
516 1998 653 2046 filium,
675 1997 885 2045 interfecit,
915 1997 1079 2049 Etruscis
1110 1997 1151 2036 in
1184 1997 1321 2050 fugam
1357 1997 1479 2037 verfis.
1533 2001 1590 2037 lta
1618 1997 1694 2036 hoc

310 2056 395 2108 ipso
415 2070 518 2096 anno
539 2052 749 2104 Dionystus.
769 2056 811 2092 L.
829 2057 876 2095 V.
895 2068 932 2105 p.
953 2066 1046 2106 292.
1067 2054 1133 2104 qui
1162 2052 1310 2101 δεύτερον
1340 2052 1413 2096 ἐ’τσς
1433 2052 1566 2092 censet
1594 2053 1692 2092 Belli

311 2112 553 2163 Etruscorum
574 2111 613 2148 in
626 2113 808 2157 Aricinos,
842 2122 1010 2160 quorum
1030 2123 1154 2150 annus
1177 2112 1288 2162 prior
1306 2111 1334 2149 is
1351 2108 1434 2161 ipse
1451 2109 1591 2155 fuerat,
1610 2122 1690 2160 quo

312 2170 443 2210 Pacem
461 2169 640 2208 Romanis
663 2163 898 2205 concefferat
927 2165 1101 2217 Porsena.
1156 2168 1211 2205 Ita
1235 2166 1352 2204 etiam
1376 2168 1417 2203 L.
1438 2167 1521 2203 VII.
1540 2178 1577 2214 p.
1595 2176 1690 2218 405.

314 2226 377 2264 vbi
398 2227 478 2264 XX.
508 2236 656 2263 annum
678 2219 791 2262 fuisse
808 2220 935 2260 statuit
952 2222 999 2260 ab
1022 2221 1162 2274 Olymp.
1188 2223 1320 2261 LXIV.
1341 2234 1377 2271 p.
1399 2233 1493 2272 404.
1546 2220 1693 2259 Intelli-

311 2281 381 2332 git,
411 2280 453 2317 ni
477 2280 600 2325 fallor,
644 2290 792 2317 annum
829 2277 939 2315 illum
966 2277 1158 2323 Iulianum,
1193 2277 1299 2315 cuius
1326 2276 1458 2314 medio
1484 2275 1548 2314 illa
1575 2275 1692 2316 iniuit
1731 2314 1733 2317 .
1785 2277 1787 2279 ’

313 2336 515 2388 Olympias.
570 2333 741 2372 Proinde
761 2334 902 2386 Olymp.
925 2334 982 2388 g}
1006 2336 1039 2383 ‘f‘-
1071 2333 1138 2383 qui
1166 2344 1253 2370 cum
1278 2345 1382 2370 anno
1409 2331 1605 2384 Tarquinii
1625 2331 1692 2371 Su-

306 2390 413 2447 perbi
433 2393 495 2438 IX,
527 2387 703 2440 Vrbisque
723 2396 816 2437 228.
845 2389 1112 2434 concurrebat,
1139 2400 1210 2438 pro
1228 2387 1388 2437 Epocha
1417 2385 1559 2425 scilicet
1582 2388 1691 2427 Cato-v

309 2452 435 2489 niana.
494 2445 591 2485 Inde
620 2444 682 2483 hic
706 2442 800 2495 ipse,
830 2444 872 2482 in
899 2456 978 2494 quo
1009 2441 1212 2489 versamur,
1241 2444 1321 2482 XX.
1353 2441 1408 2480 est
1443 2444 1573 2483 Caton.
1595 2451 1688 2496 248.

308 2507 366 2545 Ita
394 2514 506 2541 verus
533 2499 854 2549 comprobaretur
883 2498 973 2537 fitus
1001 2498 1186 2550 Epochae
1209 2499 1447 2544 Catonianae,
1478 2497 1505 2536 fi
1529 2499 1692 2548 quidem

308 2554 543 2604 constitifl'et,
564 2567 695 2594 nexum
722 2554 893 2606 aliquem
922 2552 1037 2594 fuifi‘e
1060 2556 1165 2593 inter
1184 2554 1355 2606 Consules
1377 2555 1490 2594 huius
1520 2552 1691 2605 superio·-

309 2613 441 2666 risque
469 2611 563 2654 anni
592 2610 790 2662 Romanos,
823 2621 863 2650 et
887 2624 965 2652 rem
991 2609 1140 2664 gestam
1158 2623 1247 2650 cum
1264 2610 1492 2662 Aristodemo
1513 2611 1696 2663 Cumana,

1521 2666 1561 2706 Si
1584 2677 1691 2705 nem·
