1796 3120
0 2823 8 2865 ἰ

135 125 250 166 rRo
278 125 686 168 HYPOTHEsmvs
712 125 963 168 mmwsu
991 124 1280 168 HAHCARN.
1338 134 1448 180 2723

61 235 195 270 tamen
221 240 385 280 quoque
415 229 508 270 duas
532 230 617 271 illas
643 228 822 271 eiusdem
852 230 951 271 Belli
977 228 1146 284 Epochas
1167 230 1341 270 inuicem
1361 242 1452 271 con-

59 286 193 326 fundit
218 285 374 325 Plinius.
435 285 557 335 Quod
586 288 694 328 enim
720 287 829 329 boues
847 286 978 337 Lucas,
1005 285 1073 328 seu
1089 286 1325 341 Elephantos,
1343 299 1450 326 anuo

60 343 106 384 V.
120 342 161 383 C.
182 354 276 396 472.
304 341 345 380 in
367 342 481 383 ltalia
503 342 602 394 visas
622 344 841 394 arbitratur,
864 344 940 383 hoc
959 344 1009 383 ad
1026 342 1141 396 ipfius
1158 342 1303 394 Pyrrhi
1321 342 1364 381 in
1374 342 1452 383 lta-

59 398 149 438 liam
172 398 393 439 aduentum
418 400 564 438 retulit.
620 399 732 440 Idem
758 399 906 438 iterum
932 398 1040 439 hunc
1066 398 1193 452 ipsum
1212 412 1362 439 annum
1379 411 1452 437 nu-

58 464 185 496 merat
201 465 296 509 472.
325 455 404 505 qui,
431 468 509 506 qua
530 455 580 495 ad
600 456 743 507 Pyrrhi
765 454 881 508 ipfius
907 455 1126 496 aduentum
1151 456 1333 501 refertur,
1353 454 1453 494 alius

59 526 83 552 a
109 511 318 552 Catoniano
342 508 420 550 effe
447 525 529 550 non
556 512 696 564 potuit.
765 512 869 552 Cum
894 523 1000 551 anno
1023 512 1090 551 illo
1119 524 1213 551 vere
1240 511 1452 552 Catoniano

60 567 278 614 confundit,
301 567 368 618 qui
387 579 476 606 cum
498 567 735 608 Varroniano
755 579 850 620 472.
872 568 1141 614 concurrebat,
1164 579 1252 606 cum
1273 564 1454 607 eiusdem

60 624 177 677 Regis
203 624 243 662 in
265 622 415 663 Italiam
433 621 639 675 appulsum
659 637 764 663 anno
786 622 898 664 Vrbis
913 635 1009 678 470.
1038 622 1178 663 statuit.
1234 626 1322 663 Hoc
1342 622 1452 661 enim

60 680 114 720 de
141 679 247 718 nulla
271 679 374 718 illius
401 679 500 720 Belli
519 678 670 733 Epocha
690 691 827 719 verum
857 676 937 718 effe
964 679 1103 732 potuit,
1131 691 1185 718 ne
1213 679 1376 730 quidem
1400 678 1453 718 de

59 735 172 775 initio
197 735 295 774 Belli
325 736 528 783 Tarentini,
548 734 590 774 ni
607 735 661 774 ita
677 735 932 789 intelligatur,
956 745 995 773 vt
1012 748 1137 776 annus
1158 735 1226 775 ille
1246 735 1454 775 Varronia-

60 805 127 831 nus
145 802 238 845 472,
258 802 337 842 quo
358 794 478 845 coepit
497 803 638 831 reuera
647 791 801 831 Bellum
818 791 1068 838 Tarentinum,
1087 791 1195 831 idem
1215 791 1337 832 fuerit
1363 803 1453 831 cum

61 860 169 887 anno
199 846 277 894 illo,
305 858 426 897 quem
453 847 544 894 dixi,
569 847 776 888 sztoniano
798 858 891 901 470.
947 849 1005 887 Ita
1035 847 1285 887 manifestum
1304 846 1370 894 est,
1389 860 1456 888 va·

59 905 140 944 rias
158 902 238 942 illas
259 902 441 956 Epochas‚
469 917 541 955 pro
564 904 775 951 Auaor'um,
805 916 904 955 quos
931 901 1137 956 exscn‘pfit,
1161 905 1354 943 variorum
1370 901 1454 942 sen-

62 960 201 1005 tentiis,
223 956 468 999 imnfiscuisse
485 957 612 1012 ipsum
631 973 792 1011 quoque
811 960 985 1007 Plinium,
1024 961 1092 1011 qui
1112 970 1244 1000 tamen
1265 957 1453 1011 Epochae

66 1015 334 1062 varronianae,
348 1015 504 1066 quoties
525 1016 716 1056 calculum
737 1015 820 1068 ipse
837 1016 961 1068 ponit,
980 1014 1336 1056 obseruantiffimus
1356 1014 1422 1053 est.

171 1075 266 1119 280.
289 1074 376 1112 Hoc
393 1085 498 1111 anno
507 1071 650 1113 Bellum
668 1086 757 1112 cum
768 1072 915 1126 Pyrrho
933 1072 1072 1112 initum
1093 1071 1345 1124 probauimus
1355 1067 1452 1110 Diff.

61 1125 113 1168 de
134 1125 353 1178 Cycl.VllI.
382 1132 416 1178 §.
426 1139 463 1180 7.
487 1139 527 1167 et
554 1125 648 1169 Difl‘.
669 1130 714 1168 X.
743 1134 776 1182 ξ.
789 1133 856 1173 60.
875 1130 1019 1171 61.62.
1061 1127 1196 1169 Priori
1220 1128 1335 1168 huius
1355 1126 1452 1167 anni

25 1200 41 1207 ν
60 1193 184 1236 parte,
213 1183 358 1237 Olymp.
379 1184 555 1224 CXXIV.
575 1198 614 1238 4.
653 1186 804 1238 appulit
825 1189 909 1227 Rex
933 1184 1015 1238 ipsi,
1045 1182 1141 1223 teste
1160 1183 1331 1235 Polybio.
1389 1184 1453 1222 Ne

61 1238 223 1291 quidem
255 1239 477 1292 exspestato
507 1242 611 1289 Vere,
651 1251 689 1280 vt
715 1241 832 1281 docet
859 1254 881 1280 e
907 1239 1031 1282 Dione
1055 1239 1238 1281 Zonaras.
1294 1242 1456 1290 Nempe

61 1305 154 1335 ante
170 1309 269 1336 mare
287 1295 452 1344 liberum,
474 1297 582 1348 quod
599 1297 746 1337 Martio
769 1295 953 1337 censetur
969 1295 1127 1337 Iuliano.
1155 1297 1256 1337 Inde
1271 1294 1455 1351 procellae

60 1350 161 1400 inae,
184 1365 277 1402 quas
303 1362 492 1406 expertus
514 1352 578 1401 est,
607 1354 701 1392 dum
721 1353 869 1393 fretum
890 1353 1104 1400 tranem-et,
1130 1359 1234 1399 ἀνέμῳ
1253 1360 1355 1401 βορέᾳ
1373 1353 1454 1399 παρ’

62 1405 147 1454 bem
165 1413 350 1456 ἐκραγέντι,
376 1409 517 1460 inquit,
546 1410 587 1448 in
611 1408 757 1459 Pyrrhi
777 1410 861 1458 vita,
890 1407 1124 1450 Plutarchus.
1181 1410 1292 1449 Male
1312 1409 1374 1448 hic
1390 1409 1454 1448 In-

63 1473 234 1516 terpres:
272 1475 427 1518 praeter
455 1468 545 1506 anni
580 1465 777 1505 articulum
806 1478 952 1506 coortus
981 1466 1132 1506 Boreas.
1198 1464 1453 1506 Contrarium

62 1520 181 1571 plane
210 1518 366 1560 sensum
395 1522 519 1575 exigit
543 1524 632 1561 anni
650 1520 846 1574 tempestas,
876 1522 1035 1573 qualem
1060 1522 1166 1562 illam
1189 1534 1211 1561 e
1234 1523 1360 1564 Dione
1389 1520 1454 1560 de-

60 1572 288 1628 scripsimus.
325 1580 374 1618 Et
395 1577 786 1631 contra1·iumsenfim1
806 1578 959 1630 patitur,
985 1590 1074 1617 cum
1096 1577 1239 1618 eodem
1255 1577 1349 1629 casu,
1370 1589 1454 1630 pat-

63 1631 180 1672 ticula
197 1631 300 1681 rugai.
348 1633 411 1673 Sic
428 1635 467 1673 in
489 1631 616 1673 nostro
638 1632 841 1686 Dionysto:
877 1633 973 1682 καςὲ
992 1634 1036 1674 vo*
1054 1633 1102 1681 un*
1121 1640 1237 1681 τυχεῖν
1255 1651 1330 1672 τινα
1349 1649 1455 1672 κατα-

63 1690 182 1731 σκευῆς
199 1705 284 1731 τινος
304 1699 376 1728 etc.
396 1703 433 1742 p.
444 1702 510 1746 77.
527 1703 586 1733 12.
643 1694 692 1731 Et
709 1694 788 1739 παρ’
808 1691 887 1730 ἐδὲν
908 1690 1028 1738 ἕτερον.
1060 1695 1201 1745 p.365.
1217 1703 1250 1733 1.
1307 1692 1357 1730 Et
1375 1687 1459 1736 παρ’

62 1744 145 1783 &hely
165 1743 350 1791 ἁμάρτημα
369 1747 455 1784 ἴδιον.
476 1761 513 1799 p.
527 1757 619 1800 537.
631 1760 696 1801 44.
729 1750 779 1788 Et
795 1746 887 1794 παραὶ
905 1747 968 1792 τῆν
987 1752 1070 1786 ἰδίαν
1084 1748 1216 1793 ἀρετήν,
1234 1761 1271 1798 p.
1283 1749 1376 1800 641.
1393 1756 1455 1799 17.

65 1801 136 1841 His
155 1801 336 1840 omnibus
361 1803 402 1840 in
422 1803 514 1843 locis
537 1803 610 1842 vim
631 1803 751 1843 habet
772 1804 933 1844 Latinae„
946 1803 1167 1855 particulae,
1190 1816 1271 1841 non
1294 1814 1456 1855 praeter,

66 1854 134 1896 sed
152 1867 321 1910 propter.
361 1858 422 1897 Sic
441 1860 628 1898 conuenit
646 1873 734 1899 cum
753 1871 800 1898 eo
822 1860 1040 1912 Confidatus
1060 1860 1233 1905 exordio,
1259 1858 1367 1909 quod
1384 1870 1457 1897 nos

65 1909 232 1954 Laeuino
248 1913 535 1965 affignauimus.
592 1917 690 1956 Mox
708 1918 815 1956 enim
832 1916 915 1968 post
932 1916 1150 1955 aduentum
1165 1914 1316 1966 Pyrrhi,
1340 1925 1458 1955 antea

67 1981 185 2021 quam
212 1972 448 2010 conuenirent
467 1971 664 2022 sociorum
690 1972 844 2024 copiae,
882 1973 1098 2012 Tarentinis
1123 1986 1145 2011 a
1166 1969 1389 2022 spestaculis
1407 1968 1459 2010 ad

64 2038 173 2064 arma
191 2026 341 2069 vocaris,
364 2027 496 2066 aderat
515 2026 712 2067 Laeuinus.
771 2028 875 2068 Huic
894 2041 990 2081 ergo
1005 2041 1112 2074 anno,
1133 2025 1200 2067 sed
1218 2028 1378 2073 exeunti,
1391 2027 1459 2065 Hi·

68 2080 220 2122 storiam
238 2084 462 2133 Fragmenti
483 2082 662 2135 Vrsz‘niani
682 2084 802 2124 vltimi
836 2083 958 2135 (quae
977 2084 1018 2122 in
1039 2084 1109 2123 Ed.
1122 2083 1292 2134 Dionysii
1310 2094 1408 2135 p.71
1421 2093 1456 2123 1·

67 2137 244 2190 legitur)
275 2138 524 2179 tribuendam
545 2139 731 2179 exjstimo.
788 2140 1050 2181 conueniunt
1077 2153 1187 2179 notae
1215 2141 1256 2178 in
1281 2139 1355 2178 hoc
1373 2135 1457 2189 ipso

67 2195 319 2245 Fragments),
350 2196 444 2234 anni
471 2212 492 2235 a
512 2194 726 2237 Consulatu
757 2197 918 2236 Cornelii
937 2195 1153 2236 Dolabellae
1171 2196 1308 2246 quarti²
1338 2193 1457 2233 tertii-

69 2261 151 2299 que
170 2264 191 2288 a
210 2247 424 2289 Consulatu
450 2252 614 2292 fabricii
639 2252 775 2304 primo,
793 2253 896 2292 vnde
916 2252 1094 2305 postertor
1113 2249 1368 2303 corrigendus
1389 2247 1455 2296 est,

70 2305 112 2342 in
143 2317 220 2354 quo
247 2317 405 2358 quartus
438 2309 484 2346 ab
510 2309 654 2347 eodem
683 2307 847 2348 Fabricii
877 2306 1091 2349 Consulatu
1113 2311 1238 2362 primo
1262 2304 1455 2346 censetur.

69 2363 175 2401 Tum
195 2364 394 2411 perol-anit
415 2363 453 2401 in
476 2367 613 2403 Pacem
634 2366 776 2417 Appius
793 2365 970 2405 Claudius
991 2364 1125 2404 Coecus
1145 2377 1248 2402 anno
1268 2362 1351 2413 post
1364 2362 1460 2402 Con-

59 2414 226 2469 sulatum
251 2415 360 2458 suum
385 2417 587 2470 ficundum
608 2423 726 2461 xvu.
758 2422 854 2459 teste
873 2423 1054 2461 Cicerone.
1109 2424 1228 2461 Anno
1249 2419 1459 2459 catoniano

71 2476 168 2526 456.
196 2472 437 2525 Consulatum
457 2477 566 2515 illum
578 2475 781 2531 secundum
809 2477 921 2530 geffit
942 2478 1090 2529 Appius,
1121 2491 1141 2516 a
1162 2488 1240 2526 quo
1260 2476 1312 2513 ita
1333 2475 1458 2515 XVII.

71 2527 346 2569 numerabitur
372 2530 416 2580 (fi
441 2535 622 2574 terminus
647 2545 812 2585 vterque
838 2533 1074 2588 includatur)
1101 2532 1149 2572 ad
1175 2530 1281 2570 hunc
1311 2541 1459 2569 annum

72 2584 204 2640 Coton.
223 2596 317 2638 472.

185 2651 279 2693 279·
307 2643 434 2682 Huius
461 2644 556 2684 anni
583 2644 690 2698 gesta
710 2645 757 2686 ab
776 2643 913 2685 iisdem
934 2644 1029 2697 Coff
1055 2644 1094 2682 in
1114 2640 1302 2694 Pyrrhum
1330 2657 1350 2681 a
1371 2640 1464 2680 Vere

75 2695 279 2747 incipiunt,
307 2709 348 2736 et
375 2698 415 2736 In
444 2699 597 2741 hiberna
625 2699 816 2740 definunt.
879 2702 940 2741 Sic
967 2700 1074 2739 enim
1102 2712 1125 2737 e
1143 2702 1264 2738 Dione
1284 2697 1465 2737 Zonaras.

75 2754 149 2794 Pro
169 2754 258 2793 anni
277 2753 487 2807 Consularis
507 2757 624 2798 modo
648 2771 667 2797 a
685 2757 797 2797 nobis
815 2756 1028 2809 designato,
1048 2755 1114 2808 qui
1134 2754 1181 2796 ab
1199 2755 1343 2807 Aprilis
1364 2765 1468 2815 veto-

778 2816 812 2854 A
827 2828 876 2854 aa
903 2826 932 2867 4
1419 2821 1469 2848 ns
