1796 3120
152 116 253 158 PRO
284 118 688 162 HYPOTHESIBVS
730 121 968 163 DIONYSII
1001 122 1289 163 HALICARN.
1344 83 1471 168 222691

71 221 384 273 natusconfitltum
405 235 496 272 erat,
526 235 564 263 vt
580 226 806 265 Decemuiri
823 226 867 277 se}
890 230 1014 279 primo
1035 239 1175 280 quoque
1192 239 1350 279 tempore
1366 227 1453 267 Ma-

66 277 226 334 gistratu
247 279 472 320 abdicarent.
490 283 559 319 111.
574 295 637 335 54.
694 282 782 321 Esto
801 295 906 334 ergo,
921 283 1133 323 Decembris
1153 283 1290 322 veteris
1311 283 1374 321 die
1384 285 1450 322 IX.

67 335 237 375 Ianuarii
254 335 391 375 Iuliani
411 339 479 376 IV.
500 335 709 377 abdicarint
729 339 964 385 Decemuiri,
993 351 1040 377 eo
1064 337 1145 390 ipso
1168 340 1236 384 die,
1257 350 1335 388 quo
1354 339 1451 377 illud

69 390 214 431 faehzm
241 391 297 430 est
324 392 696 443 Senatufionfiiltum.
753 396 839 433 Hoc
875 405 1006 433 tamen
1035 405 1140 433 certe
1173 395 1236 433 die
1264 394 1453 434 Tribunos

69 444 191 486 suffici
216 446 368 501 potuffi
396 447 596 487 rerifirnile
628 462 710 487 non
738 448 804 487 est.
860 452 944 488 Nec
972 450 1080 489 enim
1108 464 1155 488 eo
1180 448 1261 501 ipso
1287 451 1353 497 die,
1382 448 1450 489 seu

66 501 194 553 (quod
213 504 354 543 eodem
374 504 491 557 redit)
510 504 699 556 extemplo,
718 501 871 543 iniuiss'e
890 504 1094 544 verifimile
1115 504 1179 544 est.
1236 508 1321 546 Nec
1340 506 1452 545 enim

66 559 107 597 id
125 556 299 597 tacuiffet
319 562 448 599 Liuius
467 561 508 598 in
532 561 710 599 Tribunis
729 560 860 607 Plebis,
892 561 943 599 de
964 574 1043 613 quo
1069 572 1145 600 tarn
1164 572 1275 601 caute
1295 563 1450 600 monuit

66 615 110 654 in
142 615 372 666 Consulibus.
428 616 617 658 Mittendi
649 626 760 655 erant
779 616 820 654 in
841 616 958 669 castra
979 619 1116 669 Legati
1139 618 1189 656 de
1209 621 1356 656 eiurato
1373 617 1449 656 De·

66 673 285 720 cemuiratu.
344 672 472 711 Rediit
501 672 648 710 deinde
673 670 778 711 Plebs
805 685 827 710 e
846 686 969 712 monte
987 675 1102 713 Sacro
1121 673 1160 711 in
1181 685 1357 712 montem
1376 676 1449 712 Vr·

64 726 122 766 bis
141 730 373 766 Auentinum.
430 730 537 766 Tum
557 728 680 767 delec'li
699 742 719 766 a
742 726 844 767 Plebe
869 727 1043 774 Tribuni,
1075 728 1206 779 postea
1224 744 1245 768 a
1266 727 1446 780 Pontifice

62 783 240 824 Maximo
269 782 450 822 sacrandi.
510 783 588 822 Die
609 795 705 835 ergo
713 783 885 837 sequenti
905 781 1035 823 sacrati
1053 783 1212 823 fuerint.
1268 786 1367 824 Inde
1390 783 1455 823 sum

62 848 250 890 peresam
283 840 496 891 Interregis
526 852 599 878 tres
626 840 895 879 tantummodo
938 841 1012 879 dies
1041 840 1090 879 ad
1117 841 1203 879 Idus
1230 840 1446 880 Decembris

61 895 213 940 vereris,
234 894 476 948 Ianuariique
497 896 634 934 Iuliani
653 894 759 935 dlem
778 898 880 935 VIII.
914 909 992 946 quo
1015 899 1133 948 primi
1155 896 1238 947 post
1255 897 1446 937 Decemui-

59 964 124 990 ros
146 950 322 1003 Consules
342 951 532 1003 deiignati
550 950 712 999 fuerissr,
745 950 1018 1004 defignatique
1033 951 1304 1004 Magistratum
1324 966 1444 992 occoe-

56 1010 196 1060 perint.
256 1007 318 1048 Sic
342 1007 408 1046 illa
437 1008 609 1046 inuicem
638 1005 870 1053 cohaerent,
909 1019 945 1046 vt
973 1021 1055 1045 non
1079 1009 1189 1047 aliter
1211 1006 1251 1048 se
1276 1022 1359 1047 rem
1378 1008 1443 1048 ha·

62 1060 187 1102 buiss'e
205 1061 301 1101 mihi
321 1063 437 1114 plane
459 1061 661 1102 xeriffinsse
682 1061 736 1101 fit.
793 1066 867 1102 Pro
887 1063 958 1102 illis
976 1076 1137 1115 nempe,
1158 1077 1251 1114 quas
1270 1065 1443 1104 veriores

63 1117 248 1164 existimo,
283 1119 495 1158 rationibus
517 1119 776 1160 Varronianis.
833 1121 939 1158 Tum
960 1120 1123 1158 veniunt
1143 1121 1279 1172 Legati
1298 1136 1319 1160 a
1344 1122 1442 1160 Lan·-

61 1176 120 1214 nis
149 1185 189 1212 et
214 1176 400 1222 Hernicis,
440 1177 586 1228 Aequos
623 1174 838 1228 Volsco-&ue
852 1174 999 1226 summa
1023 1179 1063 1214 vi
1094 1174 1225 1216 bellum
1250 1188 1440 1230 apparare.

56 1232 101 1273 L.
113 1232 178 1270 111.
192 1242 253 1284 57.
303 1232 429 1270 Huius
450 1231 542 1272 anni
561 1230 694 1269 Iuliani
713 1243 804 1269 vere
829 1232 962 1282 procul
994 1231 1113 1270 dublo
1143 1233 1441 1282 expeditionem

58 1284 312 1336 suscepturos.
368 1287 466 1326 Inde
494 1287 713 1326 Prouincias
747 1288 896 1339 partiri
934 1287 1103 1338 Confides
1133 1287 1221 1341 iuffi.
1275 1290 1441 1329 Horatio

57 1341 196 1388 Sabini,
228 1343 372 1382 Valerio
390 1345 508 1396 Aequi
529 1343 718 1396 Volscique
743 1356 900 1390 euenere,
926 1343 1054 1393 inquit
1076 1344 1217 1385 Liuius.
1274 1347 1440 1396 Progre-

59 1398 165 1443 ditur
183 1398 345 1446 deleam,
380 1399 517 1438 fauore
544 1398 668 1439 Plebis
690 1412 782 1451 erga
804 1398 978 1449 Consules
997 1397 1100 1438 Plebi
1119 1399 1300 1440 addiclos.
1345 1402 1442 1449 Quo

56 1456 297 1495 maturiorem
329 1467 556 1506 apparatum
573 1453 697 1501 fuifl'e,
718 1455 817 1493 nihil
840 1455 984 1501 est,cur
1006 1455 1240 1495 dubitemus.
1298 1456 1361 1495 Sic
1389 1466 1439 1491 ta·

56 1523 164 1556 men,
190 1511 409 1564 priusquam
427 1510 550 1550 vrbem
568 1511 839 1566 egrederentur,
871 1512 987 1566 Leges
1010 1511 1273 1554 decemvirales,
1303 1505 1440 1561 quibus

62 1565 210 1609 Tabulis
236 1568 421 1607 duodecim
448 1568 496 1619 est
523 1582 669 1614 nomen,
699 1569 738 1607 in
757 1580 816 1608 aes
835 1568 975 1618 incisas,
1005 1569 1045 1605 in
1068 1566 1216 1618 publico
1239 1563 1439 1617 propofiie·

57 1635 153 1664 runt
171 1621 374 1663 Consules.
401 1625 468 1662 III.
482 1636 544 1677 57.
589 1626 697 1663 Haec
717 1635 820 1661 anno
843 1624 1050 1662 catoniano
1069 1624 1158 1675 306.
1185 1632 1305 1670 quem
1323 1622 1438 1657 inter-

56 1680 210 1719 calarem
232 1676 346 1718 fuisse
366 1678 595 1730 putabamus
606 1679 704 1731 Diffi
714 1682 760 1719 X.
779 1679 829 1717 de
848 1679 945 1732 Cycl.
962 1689 1077 1731 ¹¹·94·
1112 1680 1197 1716 Hoc
1217 1688 1312 1727 ergo
1330 1686 1436 1713 anno

55 1736 230 1775 Ianuarii
261 1735 345 1773 loco
375 1732 554 1775 suffe&us
582 1735 635 1773 est
654 1737 827 1775 Martius
852 1735 944 1773 anni
966 1733 1104 1785 Cyclici
1120 1730 1258 1770 mensis
1277 1730 1435 1781 primus,

47 1793 127 1844 'pro
161 1790 314 1830 coaeuis
341 1790 488 1830 illorum
523 1802 745 1842 temporum
778 1790 1025 1832 Kalendariis.
1079 1787 1249 1827 Proinde
1278 1787 1324 1825 ab
1357 1785 1435 1823 hoc

57 1860 161 1887 anno
188 1845 323 1887 Tabula
352 1847 459 1895 (non
481 1849 564 1887 VII.
595 1857 634 1885 vt
661 1847 857 1894 haetenus,
887 1844 977 1898 sed)
1007 1846 1107 1884 VIII.
1134 1841 1348 1893 vsurpanda
1377 1838 1434 1879 est

56 1915 202 1949 earum,
233 1914 334 1953 quae
355 1904 395 1941 in
414 1903 622 1956 Appendice
648 1903 839 1955 leguntur
859 1902 905 1941 ad
935 1899 1102 1939 nostram
1124 1900 1175 1938 de
1197 1899 1317 1948 Cyclis
1336 1893 1432 1936 Diss'.

54 1960 101 1999 X.
121 1973 158 2010 p.
175 1961 264 2007 862.
314 1960 422 1998 Haec
443 1972 549 2012 ergo,
566 1958 593 1996 fi
613 1958 718 1996 recffe
736 1956 775 1997 se
796 1957 974 2002 habeant,
993 1957 1098 1994 inter
1118 1954 1357 2006 praecliCtum
1374 1952 1434 1990 Ia-

55 2017 181 2055 nuarii
202 2014 339 2053 Iuliani
367 2014 468 2053 diem
491 2017 589 2054 VIII.
623 2027 704 2065 quo
735 2012 972 2062 Consulatum
1000 2012 1040 2050 hi
1067 2011 1209 2050 inibant
1228 2007 1430 2053 Consules,

56 2081 99 2109 et
127 2070 271 2110 Martii
289 2071 422 2109 Iuliani
441 2071 545 2110 diem
562 2073 627 2109 IV.
653 2072 732 2120 quo
758 2081 859 2108 vetus
884 2069 949 2107 ille
982 2067 1105 2106 inibat
1129 2068 1297 2107 Martius
1327 2076 1432 2104 anno

54 2126 158 2178 Cycli
176 2128 274 2167 XVI.
305 2126 411 2178 gesta
439 2127 535 2166 haec
554 2123 667 2166 fuisse
685 2121 839 2162 necesse
858 2123 931 2170 est,
961 2136 1063 2175 quae
1089 2122 1200 2178 Legis
1217 2135 1330 2163 nouae
1348 2132 1433 2170 pro·

55 2181 289 2234 positionem
308 2180 609 2229 antecefl'erunt,
641 2192 741 2230 quae
763 2180 948 2231 deinceps
970 2177 1114 2226 effecit,
1135 2192 1171 2217 ετ
1188 2191 1312 2217 annus
1334 2175 1432 2215 Ciui-

57 2239 114 2285 lis,
142 2251 220 2277 non
250 2254 271 2278 a
288 2237 476 2284 Ianuario,
506 2237 571 2277 sed
590 2250 611 2275 a
628 2235 792 2282 Martio,
817 2235 1022 2274 exordium
1053 2236 1226 2274 duceret.
1284 2231 1363 2273 Sed
1391 2237 1436 2270 et

58 2306 143 2333 rem
163 2292 308 2343 gestam
338 2309 358 2333 a
381 2294 530 2333 Valerio
550 2290 723 2332 Consule
748 2293 789 2330 in
806 2286 948 2346 Aequos
967 2291 1180 2345 Voffl‘qfque
1201 2289 1285 2342 post
1298 2299 1435 2341 paucos

56 2365 78 2390 a
99 2343 307 2388 seceffione
337 2349 464 2388 Plebis
487 2349 527 2386 in
549 2349 774 2387 Auentinum
793 2347 1014 2402 Sat-rumque
1041 2361 1183 2388 montes
1200 2345 1337 2396 menses
1351 2355 1434 2381 mo-

55 2416 127 2445 net
147 2405 249 2456 apud
269 2405 418 2444 Liuium
437 2402 518 2455 ipse
541 2405 712 2444 Valerius
733 2406 798 2444 ΙΙΙ.
819 2407 883 2446 61.
915 2407 965 2443 Et
987 2415 1117 2443 tamen
1137 2404 1236 2442 illius
1254 2401 1433 2442 vifloriae

54 2462 245 2501 nuncium
277 2471 476 2511 acceperat
513 2461 706 2507 Horatius,
734 2460 871 2500 Valerii
898 2460 1058 2512 collega,
1077 2462 1118 2498 in
1146 2457 1344 2510 procinelu
1374 2453 1430 2492 rei

57 2515 261 2569 gerendae
287 2528 372 2553 cum
400 2515 557 2554 Sabinis.
616 2514 705 2567 Ipse
731 2528 891 2567 quoqne
918 2527 1058 2567 nupera
1082 2514 1260 2553 vie-“toriae
1279 2512 1433 2551 Sabino-

54 2585 137 2612 rum
151 2573 276 2623 priori
307 2584 409 2609 anno
436 2582 569 2622 partae
591 2572 793 2610 memoria.
816 2585 845 2609 c.
859 2573 923 2613 62.
973 2573 1093 2610 Prior
1109 2583 1205 2622 ergo
1225 2567 1437 2618 triumpha-

55 2628 108 2668 vit
130 2627 293 2668 Valerius
311 2625 441 2668 Idibus
456 2625 665 2676 Sextilibus,
676 2626 831 2681 Augusti
850 2628 990 2667 Iuliani
1006 2627 1069 2665 die
1086 2628 1237 2668 XXVII.
1249 2624 1446 2716 Horati&
