1796 3120
331 122 438 174 2368
572 122 766 160 LEGES
812 119 999 158 VETT.
1045 119 1479 159 ROMANORVM.

665 224 871 263 SENSA
926 222 1154 261 LEGVM
1207 223 1366 263 ISTA.

385 329 412 369 9
443 315 534 355 Deis
556 315 679 367 fruge
703 326 737 351 et
753 313 850 351 mola
865 310 969 363 fillfil
988 310 1236 364 supplicante.

392 384 443 414 10
474 372 518 409 In
535 367 889 408 coiztraft'ibusFides
897 368 1097 420 firuator:
1111 366 1204 418 fidei
1221 381 1351 410 numen
1369 385 1486 410 omnes
1504 382 1704 411 metuunto.

395 440 439 468 11
470 428 512 465 Si
533 424 634 476 filias
661 425 834 476 familias
860 437 1013 464 vxorem
1045 424 1178 474 eluxit,
1209 428 1312 478 patri
1341 428 1529 467 vendundi
1559 429 1634 467 eius
1663 441 1708 468 ne

324 483 434 521 ’vltra
456 486 509 519 ius
529 481 606 531 esto.

390 549 438 579 12
465 538 680 582 adnuerem,
699 533 744 586 st
764 546 947 592 praegnas
966 549 1115 575 mortua
1131 534 1236 586 fleat,
1267 539 1332 576 niz
1366 538 1484 589 exciso
1506 549 1635 590 partu,
1663 551 1707 578 ne

334 591 496 634 humato.
516 595 578 646 qui
585 591 693 642 ficus
701 592 826 644 faxit,
849 593 948 647 quasi
965 592 1067 647 spem
1085 594 1282 632 animantis
1291 597 1499 646 peremerit,
1518 597 1573 634 ita
1593 593 1675 648 este.

671 706 898 744 TVLLI
953 705 1375 744 HOSTILLII.

395 805 414 836 1
448 793 549 834 Nati
567 798 765 851 trigemini,
779 797 950 835 donicum
961 793 1119 848 puberes
1137 793 1253 847 esunt,
1264 794 1307 835 de
1317 793 1466 848 publico
1490 795 1649 836 aluntor.

363 918 447 956 DE
487 917 1027 958 DECEMVIRORVM
1073 919 1359 965 LEGIBVS,
1405 917 1678 966 QVANDO

613 975 694 1013 ET
734 973 1068 1023 QVOMODO
1107 975 1434 1014 SCRIPTAE.
1574 988 1575 991 ’

446 1063 581 1118 Regiae
607 1063 701 1116 leges
723 1068 865 1116 partim
889 1064 1066 1115 scriptae,
1094 1067 1237 1118 partim
1270 1065 1485 1117 infiriptae,
1526 1065 1576 1105 ad
1597 1064 1708 1118 vsaue

340 1119 532 1172 Tarquinii
550 1119 702 1171 Superbi
724 1131 886 1174 tempora
911 1122 1121 1161 valuerunt.
1179 1122 1326 1161 Primus
1346 1120 1404 1159 ille
1421 1135 1456 1160 et
1474 1119 1595 1160 Seruii
1610 1122 1706 1177 leges

336 1189 458 1214 omnes
486 1174 696 1229 abrogauit,
727 1190 763 1215 et
783 1179 950 1227 priorum
976 1190 1100 1230 regum
1121 1177 1311 1229 plerasque
1339 1176 1532 1226 contemfi't',
1558 1180 1609 1217 ad
1630 1182 1707 1218 vim

335 1233 456 1269 omnia
485 1231 647 1281 referens
675 1245 710 1270 et
740 1231 926 1271 libidinem
953 1233 1177 1272 dominandi.
1238 1233 1444 1287 Tarquinio
1478 1247 1566 1272 vero
1588 1234 1705 1287 pulso,

333 1301 357 1325 a
377 1288 497 1326 Bruto
520 1301 555 1327 et
571 1287 719 1326 Valerio
739 1288 834 1340 COff
849 1301 1039 1329 reuocatas
1065 1292 1195 1328 iterum
1208 1288 1402 1327 Seruianas
1425 1289 1580 1341 aliafijue
1600 1291 1703 1345 leges,

333 1340 534 1393 Dionyfius
560 1341 743 1395 adfirmat.
800 1343 987 1398 Quafiiam
1009 1357 1044 1383 et
1073 1343 1252 1396 ipfi'Coffi
1272 1359 1307 1384 et
1326 1344 1448 1396 postea
1469 1345 1623 1384 Tribuni
1641 1347 1704 1385 ad-

332 1399 508 1439 diderunt
526 1401 678 1438 tuendae
703 1399 896 1445 libertatis,
927 1400 1079 1451 visunt
1102 1401 1269 1448 Valeriae,
1298 1402 1478 1447 Sacratae,
1510 1401 1634 1440 Iciliae
1657 1402 1705 1440 le-

328 1468 404 1509 ges.
436 1455 507 1494 Sed
523 1456 588 1494 hae
611 1470 731 1495 omnes
749 1460 807 1496 ius
830 1454 1016 1508 publicum
1028 1456 1271 1509 spee't‘abant:
1290 1470 1325 1495 et
1338 1460 1491 1508 priuato
1506 1459 1582 1496 iuri
1599 1457 1704 1498 nulla

319 1511 427 1561 fizc'la
446 1509 589 1564 acceffio
609 1526 692 1551 ante
709 1513 802 1566 leges
819 1513 1077 1551 decemuirales.
1098 1514 1140 1550 A.
1160 1513 1200 1551 V.
1215 1513 1254 1551 C.
1277 1525 1443 1558 ccxcu‚
1463 1514 1721 1569 promulgat-i

331 1582 352 1605 a
374 1565 537 1606 tribunis
563 1567 624 1606 lex
651 1571 818 1608 Terentia
847 1567 893 1618 est
917 1569 959 1607 de
981 1568 1257 1622 Qinqueuiris,
1291 1581 1336 1607 vt
1362 1569 1516 1611 Liuium
1544 1570 1605 1608 vel
1626 1572 1701 1609 De-

331 1625 508 1669 cemuiris,
540 1637 585 1662 vt
611 1625 834 1674 Dionysius,
860 1624 999 1679 Legum
1028 1623 1144 1662 Scrib.
1174 1625 1349 1663 creandis.
1375 1637 1487 1676 eaque
1515 1624 1575 1664 lex
1605 1625 1702 1678 plebi

329 1680 474 1719 volenti
489 1679 589 1730 fuit.
647 1681 748 1719 Nam
774 1681 824 1718 ad
848 1682 894 1719 id
913 1692 1048 1732 tempus
1066 1680 1145 1718 loco
1177 1693 1302 1735 regum
1321 1679 1414 1730 CoJJT
1438 1683 1492 1719 ius
1509 1680 1702 1721 dicebant:

331 1734 501 1786 Consules
510 1748 629 1774 autem
643 1750 687 1774 ex
700 1735 874 1776 Patribus
892 1749 1010 1776 erant.
1068 1737 1197 1788 Itaque
1209 1740 1247 1775 in
1264 1735 1412 1788 dtffi’nfii
1426 1735 1607 1783 ordinum,
1620 1751 1700 1778 cum

329 1791 463 1831 Patres
483 1789 663 1842 occafi‘one
683 1794 777 1831 iuris
789 1795 980 1845 praecipue
997 1804 1193 1830 uterentur
1210 1792 1263 1831 ad
1284 1792 1516 1843 premendam
1537 1792 1700 1845 plebem,-

329 1861 391 1886 nec
407 1845 542 1898 plebeio
556 1861 683 1887 contra
695 1851 894 1898 patricium
907 1852 961 1887 ius
973 1850 1083 1887 vllum
1093 1860 1246 1901 aequum
1256 1847 1335 1900 esset
1346 1864 1359 1884 .·
1390 1847 1551 1887 omnibus
1565 1852 1699 1888 concio-

327 1902 437 1942 nibus
461 1904 598 1942 iac‘lata
626 1918 660 1943 et
676 1902 858 1959 flagitata
883 1904 941 1944 lex
965 1905 1136 1943 Terentia
1162 1903 1220 1957 est.
1279 1904 1456 1957 Restitere
1493 1917 1614 1943 tamen
1637 1905 1698 1956 fi’-

320 1971 423 2011 ptem
448 1973 566 1998 minos
593 1960 687 2011 ipsos
715 1973 847 2013 patres.
902 1961 1027 2000 Frac‘ii
1053 1961 1191 1998 demum
1221 1959 1434 2012 concejstrm⁴
1470 1957 1625 2012 miffique
1645 1961 1694 2000 le-

325 2018 409 2070 gati
430 2019 469 2054 in
492 2013 685 2054 Graeciam
701 2018 749 2055 ad
767 2017 912 2057 Solonis
940 2015 1098 2068 inclytas
1126 2017 1220 2070 leges
1248 2016 1476 2067 aliarumque
1502 2018 1695 2056 ciuitatum

324 2071 494 2119 instituta
520 2072 707 2124 moresque
733 2072 954 2123 noscendos:
982 2072 1086 2111 addit
1102 2071 1309 2123 Dionnum
1334 2073 1444 2109 etiam
1470 2074 1508 2109 in
1539 2071 1695 2111 Graeca·

325 2131 427 2166 nicas
449 2127 581 2166 Italiae
615 2131 789 2167 ciuitates.
844 2128 1037 2166 Biennium
1069 2127 1153 2179 plus
1186 2131 1304 2166 minus
1338 2127 1456 2180 legati
1483 2125 1691 2178 abfieerunt.

324 2181 462 2229 reuerfi'
471 2183 566 2233 fient
583 2186 627 2222 A.
650 2185 692 2222 V.
714 2197 824 2224 cccl.
844 2184 1040 2235 statimque
1054 2181 1153 2235 plebs
1168 2184 1336 2234 peruicit,
1356 2195 1398 2220 vt
1408 2180 1694 2231 scribendarum

325 2239 444 2293 legum
470 2241 619 2277 initium
639 2237 759 2290 fieret.
817 2240 948 2278 Patres
976 2251 1177 2282 tenuerunt,
1203 2251 1246 2277 vt
1265 2238 1460 2277 decemuiri
1488 2252 1506 2274 e
1518 2241 1694 2290 patriciis

323 2307 466 2333 tantum
486 2308 710 2333 crearentur.
766 2294 892 2333 Creati
909 2298 978 2343 Ap.
1001 2294 1186 2340 Claudius,
1205 2294 1243 2332 T.
1263 2293 1449 2340 Genuum,
1471 2295 1513 2332 P.
1532 2294 1690 2342 Sextius,

321 2349 382 2399 Sp.
408 2351 588 2395 Veturius,
622 2351 660 2388 C.
682 2350 807 2396 Iulius,
835 2353 878 2389 A.
902 2350 1081 2398 Manlius,
1113 2351 1186 2389 Ser.
1206 2350 1389 2399 Sulpicius,
1421 2350 1461 2388 P.
1485 2350 1692 2396 Curiatius,

327 2405 372 2444 T.
392 2407 592 2452 Romulius,
622 2406 683 2459 Sp.
713 2405 933 2455 Postumius,
962 2419 1080 2444 omnes
1113 2404 1320 2455 consulares.
1379 2407 1549 2446 inierunt
1575 2408 1691 2459 magi-

313 2461 473 2513 stratum
489 2459 570 2511 fine
593 2463 852 2514 prouocatione
880 2466 923 2499 Α.
947 2461 988 2499 V.
1012 2465 1150 2500 cccxl&
1190 2459 1336 2513 fineque
1362 2464 1452 2499 anni
1483 2460 1690 2514 propofi'tae

325 2519 441 2557 decem
468 2516 632 2556 tabulae:
665 2519 753 2554 duae
780 2517 939 2568 reliquae
954 2516 1130 2568 fi‘quenti
1159 2530 1254 2554 auno
1285 2517 1447 2554 additae.
1506 2519 1552 2556 In
1578 2519 1692 2556 Grae.

320 2577 370 2612 cis
401 2574 688 2626 interpretandis
725 2571 781 2618 νβ’
801 2584 911 2623 opera
938 2572 1032 2621 sient
1057 2573 1281 2611 Hermodori
1304 2571 1445 2624 Epheffi
1473 2573 1688 2625 philosophi.

325 2629 483 2670 Tabulas
511 2642 642 2669 vocare
661 2628 800 2682 placuit
827 2630 986 2682 exemplo
1015 2626 1287 2677 Atheniensium
1297 2642 1312 2671 ‚⁴
1339 2632 1401 2681 qni
1427 2628 1579 2669 Solonis.
1595 2628 1689 2683 leges

1515 2685 1690 2726 dixerunt
