1796 3120
308 120 418 171 2640
473 90 663 157 NoTAE
695 117 771 156 AD
813 115 1083 155 CHRONOL.
1115 112 1636 155 GRAECO-ROMANAM

310 225 404 262 nius.
425 236 465 274 p„
474 224 566 274 246.
608 223 657 260 Et
675 218 812 258 Bellum
840 219 1014 256 vltimum
1041 231 1130 255 cum
1146 216 1373 257 Ardeatibus
1393 232 1439 259 ea
1455 216 1692 270 potiffimum

313 277 424 319 causa
443 276 616 328 suscepit,
639 288 691 314 ne
711 272 891 313 deessent
910 272 959 313 ad
974 273 1156 325 Templum
1175 272 1461 314 absoluendum
1478 272 1689 326 impensae.

314 336 434 374 Lim.
466 345 570 386 057.
598 329 765 383 Dionys?
788 333 828 371 L.
843 332 914 371 IV.
943 342 1085 383 p.25·0.
1131 328 1303 368 Proinde
1327 344 1400 369 vno
1430 329 1563 379 saltem
1586 342 1690 369 anno

311 393 358 430 V.
373 391 417 429 C.
433 401 523 441 243.
546 386 714 437 aedificio
735 385 883 432 vacarit,
903 395 940 423 vt
956 384 1147 426 manubias
1156 384 1342 436 Sueffmas
1359 386 1584 425 exhauriret
1602 386 1694 425 huic

312 444 474 496 aedificio
497 444 646 483 dicatas.
705 442 878 482 Proinde
898 443 992 481 vltra
1008 454 1156 481 annum
1177 444 1225 482 V.
1237 441 1281 481 C.
1294 454 1385 494 242.
1414 443 1565 482 Bellum
1585 441 1710 481 Gabi*-

315 516 402 543 num
431 502 539 538 exire
569 513 651 537 non
677 500 815 550 potuit.
875 497 984 537 Nihil
1010 508 1142 537 autem
1168 495 1308 544 obstat,
1338 510 1416 548 quo
1442 499 1568 538 minus
1586 501 1695 538 citius

317 560 518 609 aliquanto
539 553 685 594 absolui
705 553 889 605 potuerit.
932 550 1212 593 ‘Detrahanms
1233 565 1330 605 ergo
1347 567 1470 592 annos
1491 557 1605 594 XXX.
1631 556 1696 595 Sic

319 626 423 654 anno
440 615 488 651 V.
502 612 546 651 C.
572 613 779 651 Catoniana
794 623 887 652 212.
908 623 1015 649 natus
1034 609 1403 662 sueritTarquinius.
1458 611 1542 649 Nec
1562 621 1692 650 tamen

318 680 410 710 ante
428 681 573 708 aunum
590 667 698 707 Tullii
722 668 799 704 XL.
830 669 879 707 V.
893 667 936 706 C.
959 667 1207 706 Catonianum
1227 677 1320 717 215.
1347 665 1521 705 ferocem
1540 666 1695 706 Tulliam

315 724 476 778 Superbo
508 721 675 775 nupfiffe
702 723 778 761 iam
807 721 1080 773 probauimus,
1111 734 1229 772 quam
1256 720 1361 761 Sexti
1384 732 1549 761 matrem
1576 720 1711 765 credit

319 782 376 821 dit
403 780 545 819 Liuius.
604 778 692 819 Esto
713 791 821 830 ergo,
840 779 1114 833 primogenitus
1141 777 1263 817 fuerit
1285 790 1335 816 ex
1358 778 1424 816 illo
1445 777 1708 818 matrimonio-

318 837 461 878 Sextus.
519 837 582 874 Ne
605 835 766 886 quidem
795 833 848 874 ita
877 832 979 874 nasei
1002 837 1131 887 potuit
1157 844 1249 873 ante
1268 833 1589 877 V.C.ann.216.
1620 834 1696 875 nee

316 905 465 933 annum
486 888 618 944 egisse,
639 904 725 930 cum
745 888 859 931 Gabii
875 900 1213 942 expugnarentur,
1232 887 1438 941 plusquam
1459 892 1596 932 XXVI.
1616 892 1697 932 Sed

316 953 430 989 trium
458 948 670 987 liberorum
696 948 885 985 minimum
916 946 1080 985 credidit
1108 946 1236 984 Liuius
1254 948 1283 984 Ι.
1298 958 1361 999 53.
1398 956 1439 983 et
1459 947 1526 997 qui
1548 948 1701 987 Liuium

316 1004 544 1058 sequuntur.
601 1003 664 1044 sic
683 1016 829 1042 annum
850 1004 988 1042 XXIV.
1015 1000 1200 1053 superare
1219 1014 1302 1040 non
1321 1002 1458 1053 potuit,
1483 1016 1570 1042 cum
1590 1003 1697 1043 falle-

317 1073 376 1101 ret
390 1060 563 1101 Gabinos.
622 1059 666 1098 Id
689 1071 805 1109 porro
823 1056 849 1096 fi
867 1055 998 1097 fuiffet
1018 1070 1165 1104 verum,
1185 1069 1233 1095 ex
1252 1057 1336 1104 alia,
1358 1070 1474 1108 quam
1493 1059 1615 1099 feroci
1633 1060 1698 1101 illa

321 1117 452 1164 Tullia,
479 1126 603 1156 matre
630 1114 790 1154 edinen
819 1113 958 1165 potuit.
1015 1116 1109 1154 Eam
1131 1115 1237 1152 enim
1254 1124 1417 1153 matrem
1435 1112 1701 1167 agnoscebant

321 1174 430 1214 Titus
460 1184 499 1211 et
520 1176 664 1216 Aruns,
710 1184 797 1209 cum
827 1171 926 1210 illam
953 1182 1003 1207 ex
1032 1170 1190 1209 Oracuii
1218 1179 1430 1221 praecepto
1450 1170 1699 1212 osculandam

317 1229 616 1273 arbitrarentur,
659 1237 696 1264 vt
734 1229 872 1280 Regno
919 1225 1152 1278 potirentur.
1212 1228 1298 1264 Imo
1338 1226 1502 1266 Sextum‘
1520 1226 1698 1268 eiusdem

311 1285 431 1338 filium
459 1281 734 1337 agnoscebant,
765 1295 853 1321 cum
880 1294 1042 1333 operam
1070 1281 1219 1327 darent,
1253 1294 1306 1320 ne
1327 1282 1376 1320 de
1399 1285 1567 1323 Oraculo
1590 1285 1697 1334 quid-

317 1343 421 1395 piam
450 1338 673 1379 rescisceret
712 1338 849 1378 Sextus
891 1338 1029 1384 frater,
1061 1336 1088 1375 fi
1117 1338 1277 1389 quidem
1303 1338 1449 1378 Liuium
1484 1339 1698 1380 audiamus-

314 1403 344 1439 Ι.
363 1402 426 1450 56.
456 1396 534 1437 Sed
552 1395 699 1439 reatus,
720 1395 759 1432 ni
780 1394 902 1440 fallor,
921 1396 1125 1433 maximum
1144 1403 1235 1433 natu
1247 1393 1400 1432 Sextum
1418 1393 1593 1447 agnoscit
1603 1397 1712 1437 Dio--

317 1453 449 1507 nyfius.
507 1451 585 1491 Sed
605 1450 708 1490 Sexti
727 1449 906 1488 meminit
927 1451 1082 1488 Oraculi
1104 1448 1301 1489 oecafione
1319 1450 1531 1501 Dionysius.
1565 1451 1713 1492 Potuit

320 1523 418 1562 ergo
449 1511 602 1548 maioris
632 1507 864 1559 meliorisque
903 1506 1046 1545 Tulliae
1080 1505 1180 1544 filius
1207 1504 1320 1545 fuisse
1347 1508 1492 1547 Sextus.
1548 1508 1698 1548 Habuit

318 1567 426 1605 enim
447 1565 564 1603 etiam
582 1564 658 1615 ipstz
677 1576 880 1602 communes
901 1575 988 1600 cum
1008 1572 1173 1613 tyranno
1202 1560 1342 1611 liberos,
1369 1573 1407 1600 vt
1428 1563 1543 1601 docet
1558 1564 1698 1606 Brutus

314 1620 458 1673 infigni
483 1620 524 1658 in
551 1620 766 1669 Tyrannum
794 1618 994 1658 Oratione.
1014 1621 1055 1656 L.
1070 1620 1136 1656 IV.
1158 1631 1193 1668 p.
1207 1621 1300 1660 260.
1337 1618 1417 1658 Sed
1445 1630 1519 1656 nec
1545 1621 1607 1660 illa
1635 1622 1700 1661 Su-

311 1677 427 1732 perbo
445 1675 575 1715 Ξουθία
594 1675 648 1713 est
667 1686 759 1713 ante
777 1688 925 1714 annum
945 1675 1072 1713 Patris
1089 1675 1223 1714 XXIV.
1254 1675 1496 1715 Catonianum
1512 1688 1599 1731 199,
1636 1678 1700 1718 Sic
1740 1678 1753 1681 ⁷

315 1732 417 1774 nasci
437 1743 528 1772 ante
547 1745 694 1771 annum
708 1735 753 1771 V.
766 1732 810 1771 C.
834 1743 926 1771 200.
958 1742 1032 1768 nec
1051 1740 1143 1776 ante
1163 1742 1313 1768 annum
1324 1734 1371 1771 V.
1383 1732 1531 1782 C.230.
1551 1746 1706 1773 annum

317 1789 452 1830 aetatis
477 1790 596 1829 XXX.
631 1784 856 1838 expleuisse,
886 1799 966 1824 non
984 1787 1155 1836 potuerit
1174 1785 1318 1825 Sextus.
1372 1786 1470 1825 Inde
1492 1787 1608 1828 etiam
1626 1790 1700 1828 col-

316 1846 482 1898 ligimus,
513 1844 664 1883 Bellum
687 1843 783 1882 illud
815 1858 836 1882 a
855 1842 1006 1894 Superbi
1023 1843 1133 1881 initio
1154 1842 1441 1881 remouendum
1461 1841 1551 1882 effe.
1592 1847 1698 1885 ⁷·Non

318 1912 450 1942 tamen
479 1900 570 1938 dicit
596 1899 736 1938 Brutus
770 1899 888 1936 vllum
915 1911 1069 1945 eorum,
1107 1898 1174 1948 qui
1202 1908 1285 1936 tum
1322 1897 1543 1949 superstites
1573 1910 1697 1949 erant,

316 1957 485 1996 filiorum
510 1969 532 1994 e
547 1958 682 1995 maiori
703 1953 834 1993 sorore
853 1964 1002 1994 natum.
1058 1955 1143 1993 Nee
1161 1951 1253 1992 sane
1271 1953 1473 1993 verisimile
1492 1955 1557 2003 est,
1576 1954 1701 2008 paffu·

321 2026 403 2053 ram
431 2010 510 2051 effe
531 2009 687 2050 suorum
712 2010 879 2048 filiorum
909 2009 1092 2057 aemulum,
1122 2007 1240 2048 filiam
1269 2023 1512 2061 vxoremque
1532 2022 1612 2052 tam
1630 2013 1699 2052 irn-
1738 2023 1744 2029 ‘

319 2070 435 2120 piam,
466 2080 568 2118 quae
591 2081 664 2106 nec
679 2069 793 2118 patri,
821 2078 896 2104 nec
913 2069 998 2105 viro
1022 2066 1266 2117 pepercerit,·
1305 2078 1358 2104 ne
1378 2066 1454 2118 iarn
1473 2067 1606 2113 dicam,
1635 2081 1699 2106 no-

311 2138 476 2164 ¹vercam.
530 2124 640 2162 Patri
668 2125 784 2161 etiam
813 2135 979 2173 tyranno
1011 2120 1212 2173 suspethis
1252 2120 1385 2161 fuiffet
1409 2125 1472 2161 aui
1500 2123 1700 2176 matrisque

318 2181 476 2219 vindex.
517 2180 637 2218 Certe
656 2178 836 2217 fratribus
856 2190 905 2215 ex
927 2179 997 2217 alio
1019 2179 1255 2217 mazrimonio
1279 2178 1377 2217 natis
1397 2176 1590 2228 suspeetus
1607 2178 1698 2219 fuis-

323 2234 390 2282 set,
426 2248 496 2286 pro
516 2248 621 2272 nouo
642 2234 767 2272 Patris
784 2235 959 2286 exemplo,
974 2233 1101 2285 Regni
1123 2233 1348 2272 manifestus
1373 2233 1509 2285 haeres,
1530 2247 1616 2273 cum
1645 2245 1698 2275 ta-

322 2304 417 2329 men
439 2290 544 2329 nulla
560 2291 663 2328 inter
683 2290 768 2327 illos
788 2290 935 2329 diffidia
954 2283 1140 2343 legamus.
1188 2288 1355 2326 Proinde
1373 2289 1502 2339 potius
1522 2303 1545 2328 e
1563 2289 1711 2330 secun-·

323 2348 374 2386 do
396 2346 459 2384 illo
479 2346 679 2396 impioque
698 2345 944 2383 matrimonio
965 2357 1099 2383 natum
1117 2346 1267 2383 Sextum
1287 2343 1462 2392 arbitror,
1493 2356 1532 2383 et
1554 2359 1697 2397 paucos

319 2402 424 2442 forte
443 2414 564 2440 annos
584 2401 622 2437 in
641 2399 815 2438 fauorem
837 2399 942 2439 Sexti
962 2398 1039 2438 esse
1053 2400 1297 2445 minuendos,
1316 2413 1386 2450 pro
1401 2401 1561 2455 exemplo
1582 2402 1710 2454 ipfius'

321 2457 502 2507 Dionysii,
526 2457 591 2506 qui
610 2458 856 2508 quinquennio
878 2456 1072 2494 minorem
1095 2455 1147 2493 ait
1160 2453 1403 2508 Tarquinium
1416 2459 1588 2507 Frisium,
1607 2465 1712 2498 cum*

323 2515 482 2554 Romam
511 2512 673 2557 veniret,
705 2523 821 2560 quam
849 2509 1031 2562 poscebat
1058 2524 1183 2550 annus
1208 2511 1459 2566 Magistratui
1484 2514 1695 2565 legitimus.

322 2572 421 2610 Sunt
442 2568 559 2613 enim,
592 2565 828 2618 semperque
859 2567 1023 2605 fuerunt
1039 2567 1187 2618 gratiae
1210 2567 1299 2606 illae
1328 2581 1451 2619 penes
1477 2566 1708 2621 Rempubli-⁸

321 2638 418 2666 cam.
473 2624 534 2664 Sic
562 2633 693 2663 tamen
713 2621 830 2662 etiam
858 2621 1053 2670 constabit,
1074 2622 1120 2661 ab
1140 2637 1244 2663 anno
1262 2623 1339 2671 isso,
1352 2636 1472 2675 quem
1492 2625 1580 2673 dixi,
1601 2635 1698 2677 242.

1593 2681 1700 2737 longe

1762 3084 1770 3102 u

1786 3082 1790 3120 ἦ,
1788 3028 1789 3052 ᾼ
1788 2958 1796 2964 Ι
1789 2899 1796 2903 =
1790 2814 1792 2834 ..
1791 2749 1796 2765 ,,
