1796 3120
321 123 437 169 2730
489 115 682 156 NOTAE
709 115 785 156 AD
820 112 1093 155 CHRONOL.
1126 112 1655 161 GRAECO-ROMANAM

323 216 480 261 scerent
505 217 646 259 menfis
675 216 915 260 Intercalaris
941 218 1140 265 Kalendas,
1168 231 1276 259 neue
1304 217 1399 271 quid
1417 233 1605 262 commune
1624 232 1714 264 cum

322 288 421 316 anno
440 276 674 330 praecedenti
684 274 833 317 habete
849 275 1049 314 videretur
1067 273 1245 314 infititius
1256 274 1334 324 ille,
1345 277 1562 329 medioque
1581 278 1715 324 vtriusf

323 342 406 383 que
435 332 529 372 anni
549 331 720 370 confinio
750 330 839 371 {itus
854 330 993 383 mensis.
1061 332 1193 372 Pridie
1214 331 1375 382 quidem
1391 330 1578 375 Kalendas
1593 334 1715 375 Inter-

269 433 274 437 *
323 388 462 428 calares
481 387 707 427 Terminalia
722 384 805 439 ipsa
823 385 1113 438 nonnunquam
1131 387 1326 439 appellata
1343 388 1483 428 fateor.
1542 392 1628 429 lmo
1644 402 1714 430 me-

267 442 272 445 *
323 444 387 484 dio
407 445 511 482 inter
535 443 759 484 Terminalia
788 442 946 497 Musaue
962 442 1184 483 Februarias
1201 444 1486 494 praecedentes
1505 458 1715 487 numeratas

323 496 438 540 fuiffe
465 500 652 541 Kalendas
670 499 923 547 Intercalares,
951 509 990 539 vt
1019 511 1043 538 e
1067 500 1249 540 Ciceronis
1269 500 1460 540 Oratione
1480 501 1625 543 constat
1639 515 1712 554 pro

321 554 567 611 RQmaio.
623 556 776 596 Eodem
798 554 942 595 scilicet
960 555 1156 607 exemplo,
1178 568 1257 606 quo
1277 566 1317 595 et
1333 556 1571 598 Martiarum
1581 557 1714 599 Kalen-

321 611 457 653 darum
482 625 668 652 numeros
695 613 866 663 prolatos
896 612 1067 664 legimus
1094 611 1142 651 ad
1162 611 1250 651 Idus
1269 611 1524 660 Intercalares,
1555 627 1641 654 cum
1659 623 1713 659 tar

319 681 417 708 men
437 666 506 708 soli
524 667 708 720 postremi
725 669 884 722 quinque
893 666 1096 708 Februarii
1115 667 1197 707 dies
1213 667 1263 707 ad
1272 667 1464 709 Martium
1481 667 1709 722 speetarent.
1748 661 1750 669 ¹

319 726 414 765 Non
436 735 567 766 tamen
598 734 716 770 certe,
747 723 816 763 nifi
838 737 926 763 cum
943 724 1034 764 illae
1051 722 1264 780 singulares
1290 725 1621 766 intercalarentur
1634 726 1711 766 Ka·

321 781 457 828 lendue,
484 793 580 832 quas
602 780 682 828 dixi
699 780 954 820 Intercalares.
1011 782 1119 819 Tum
1145 779 1221 820 alia
1239 777 1450 821 necefl'aria
1469 792 1552 821 erat
1565 782 1710 836 ficppu-

323 838 434 878 tandi
453 836 674 886 methodus,
693 849 782 882 cum
799 837 902 877 aliud
917 832 1022 883 esset,
1035 837 1140 875 vnde
1160 837 1348 876 calculum
1366 837 1586 888 procedere
1598 851 1711 890 opor·

322 895 439 940 tebat,
470 895 630 933 initium.
689 891 769 932 Sed
794 894 913 945 plane
941 889 1198 931 necefl'arium
1226 906 1300 933 non
1317 889 1458 940 fuisset,
1477 903 1515 932 vt
1531 909 1553 934 a
1573 895 1711 935 Termi-

320 949 465 991 nalibus
494 951 593 988 vllae
619 959 925 989 numerarentur
948 947 1155 998 Kalendae,
1185 946 1213 988 fi
1243 949 1406 1000 quidem
1431 948 1523 989 vllae
1548 948 1710 990 fuissent

318 1020 400 1047 men
417 1007 446 1047 z's
457 1006 698 1046 Intercalaris
717 1016 937 1057 perpetuae
947 1004 1146 1045 Kalendae.
1181 1008 1265 1045 Imo
1284 1019 1364 1044 non
1378 1016 1581 1058 perpetuas
1591 1004 1708 1047 fuiffe

317 1063 566 1104 Intercalares
591 1061 788 1110 Kalendas,
811 1062 941 1101 innuit
960 1061 1101 1108 Liuius,
1133 1075 1223 1101 cum
1245 1074 1351 1101 anno
1381 1063 1591 1103 catoniano
1615 1068 1708 1118 585.

319 1121 389 1171 qui
411 1119 523 1159 Varr.
545 1129 629 1157 erat
647 1124 738 1172 587.
757 1118 811 1157 ita
830 1115 978 1158 scribit:
1011 1122 1036 1140 ¹¹
1048 1116 1314 1158 Intercalatum
1332 1132 1373 1157 eo
1391 1131 1501 1165 anno2
1531 1118 1710 1172 Postridie

317 1174 543 1217 Terminalia
562 1175 800 1214 intercalares
806 1172 981 1225 ficerunt.
1040 1174 1194 1214 Frustra
1225 1173 1300 1213 hoc
1318 1172 1531 1214 monuisset
1549 1174 1589 1213 in
1609 1188 1707 1215 anno

317 1246 389 1287 pro
419 1233 524 1282 cycli
551 1232 642 1284 lege
670 1229 936 1277 Embolimaeo,
974 1228 1000 1267 fi
1024 1241 1220 1283 perpetuae
1244 1227 1427 1278 fuifi'ent,
1467 1243 1599 1282 eoque
1622 1229 1708 1283 ipso

316 1291 411 1335 Ioco,
442 1285 635 1327 mensium
663 1288 959 1327 Intercalarium
983 1285 1172 1327 Kalendae
1201 1287 1456 1328 Intercalares.
1513 1287 1707 1338 Loquitur

318 1357 417 1398 ergo
443 1345 494 1384 de
514 1344 572 1383 die
588 1343 653 1381 illo
673 1343 903 1389 Intercalari‚
918 1355 1066 1393 quem,
1088 1357 1160 1394 pro
1181 1340 1405 1394 Pontificum
1421 1341 1598 1391 arbitrio,
1629 1355 1707 1384 nee

316 1402 390 1441 vlla
408 1414 507 1440 certa
525 1399 635 1451 Cycli
658 1398 743 1453 lege,
774 1399 1057 1445 intercalatum,
1088 1398 1221 1438 docuit
1236 1399 1473 1440 Macrobius.
1531 1399 1705 1439 Proinde

313 1469 368 1497 ne
389 1456 429 1496 in
449 1453 624 1508 merfibus
644 1455 805 1506 quidem
824 1453 1115 1495 Intercalaribus
1131 1466 1352 1507 perpetuae
1371 1456 1468 1496 vllae
1488 1465 1612 1502 erant,
1631 1452 1704 1495 sub

312 1507 597 1555 Interca'larium
616 1512 788 1558 nomine,
819 1511 1019 1552 Kalendae.
1076 1511 1116 1551 Si
1147 1512 1256 1550 enim
1285 1507 1448 1551 fuiffent
1479 1510 1590 1559 vllae‚
1618 1523 1704 1552 non

311 1571 387 1610 alio
406 1580 514 1610 certe
532 1570 630 1615 Ioco,
661 1581 778 1619 quam
797 1567 864 1606 illo
884 1567 961 1620 ipso
983 1568 1025 1605 in
1045 1567 1131 1605 loco
1162 1567 1301 1619 (quem
1328 1578 1459 1606 tamen
1486 1567 1607 1607 locum
1640 1579 1704 1608 ea—

314 1641 400 1666 rum
412 1638 631 1679 perpetuum
651 1637 732 1662 non
750 1621 865 1663 fuiffe
884 1623 1014 1662 innuit
1029 1624 1175 1677 Liuius)
1197 1636 1270 1675 per
1294 1624 1428 1676 legem
1445 1624 1702 1664 Intercalatio-

311 1686 641 1735 nis‘perpetuam‚
669 1693 746 1731 qua
765 1679 878 1720 nefas
896 1677 1028 1728 erat‚fi
1045 1679 1117 1719 alio
1137 1679 1268 1730 aliquo
1290 1680 1331 1717 in
1350 1680 1435 1718 loco
1453 1679 1701 1720 intercalare*

311 1750 384 1786 tur,
409 1736 488 1778 esse
508 1751 588 1776 non
610 1745 804 1790 poterant,
824 1736 980 1783 eodem,
1001 1735 1063 1774 vbi
1082 1732 1206 1787 supra,
1228 1733 1325 1773 teste
1346 1734 1560 1776 Macrobio.
1599 1733 1699 1777 Scri·

310 1796 378 1841 bit,
398 1795 538 1841 fateor,
557 1794 622 1833 ina
643 1793 770 1833 Liuius
789 1791 873 1843 post
890 1791 1140 1832 mentionem
1163 1790 1363 1842 Confidam
1379 1793 1473 1831 anni
1497 1792 1700 1833 Catoniana·

312 1854 404 1905 536.
461 1850 540 1892 Sed
558 1848 830 1905 deffgnatorum
848 1848 1132 1894 tantummodo,
1160 1848 1340 1887 nondum
1349 1847 1580 1901 Magistratu
1597 1847 1698 1900 poti-

246 1923 250 1927 ·
309 1919 451 1947 torum.
496 1908 586 1945 Mos
604 1916 735 1944 autem
758 1905 857 1944 Liuii
877 1903 942 1952 est,
952 1904 1036 1956 post
1054 1904 1214 1943 Comitia
1235 1902 1450 1955 Corficlaria
1469 1903 1580 1943 breui
1601 1916 1696 1955 quo·

299 1966 397 2004 dam
426 1961 661 2014 compendio
693 1962 788 2000 anni
815 1961 1019 2013 praeteriti
1052 1962 1218 2000 rariores
1256 1971 1427 1999 euentus
1467 1959 1697 2011 compleffl3

305 2019 463 2059 illorum
488 2028 622 2059 autem
650 2016 743 2069 Cqffi
771 2028 831 2055 res
860 2016 983 2068 gestas
1011 2030 1033 2055 a
1057 2029 1156 2055 nouo
1184 2016 1295 2054 initio
1326 2013 1538 2063 arcefl'ere,
1571 2018 1695 2070 coepti

306 2073 460 2123 scilicet,
492 2088 573 2113 non
593 2073 772 2130 defignati
787 2075 975 2113 duntaxat
993 2070 1225 2123 Consulatus.
1281 2071 1452 2111 Proinde
1472 2073 1564 2112 anni
1585 2073 1693 2112 cato-

304 2135 408 2172 niani
427 2137 508 2186 585
529 2141 610 2169 erat
630 2131 694 2173 illa
712 2128 962 2175 Mummio,
993 2130 1102 2167 cuius
1123 2139 1254 2168 tamen
1275 2127 1368 2180 finis
1396 2128 1438 2165 in
1463 2139 1610 2167 annum
1629 2129 1692 2168 lu-

303 2189 448 2229 lianum
469 2184 954 2237 sequentemincurrebat,
984 2184 1035 2224 ad
1058 2184 1146 2224 Idus
1174 2182 1294 2235 vsque
1320 2184 1503 2224 Martias.
1558 2186 1616 2223 Ita
1635 2183 1691 2224 fa·

304 2245 419 2291 «stum,
431 2254 469 2282 vt
487 2242 776 2284 Merkedonium
795 2240 1122 2292 complecfferetur
1139 2240 1179 2278 in
1199 2238 1277 2290 fine
1303 2241 1397 2278 anni
1420 2238 1557 2289 chIz'cz‘
1574 2241 1688 2280 VIII.

301 2302 415 2340 initio
433 2308 565 2339 autem
584 2298 678 2338 anni
697 2298 896 2339 Catoniani
914 2298 1004 2349 586.
1025 2295 1052 2334 fi
1071 2296 1231 2346 quidem
1249 2292 1432 2345 coepiffet
1453 2310 1474 2334 a
1495 2296 1686 2335 Ianuario.

303 2359 447 2407 Itaque
465 2355 508 2393 in
525 2354 635 2394 annis
655 2367 746 2393 vere
762 2351 1020 2392 Embolimaeis
1039 2351 1171 2391 nullae
1201 2361 1331 2391 tamen
1357 2360 1472 2390 erant
1498 2349 1688 2392 Kalendae

301 2410 556 2456 Intercalares,
570 2408 637 2448 uifi
655 2408 708 2450 ita
729 2406 849 2448 visum
878 2405 974 2446 effet
990 2405 1235 2458 Pontificibus
1255 2405 1482 2445 Kalendarii
1507 2407 1688 2459 praefidi-

302 2467 387 2513 bus.
435 2465 579 2506 Iisdem
599 2475 731 2505 tamen
747 2461 990 2514 Pontificibus
1014 2463 1131 2510 licuit,
1163 2464 1282 2501 etiam
1311 2460 1354 2500 in
1385 2463 1497 2501 annis
1520 2463 1685 2511 m‘mime

298 2523 573 2568 Embolimaeis‚
602 2520 835 2560 intercalare
863 2521 938 2558 dies
951 2518 1121 2572 fingulos
1148 2532 1224 2559 vno
1251 2519 1388 2571 plures.
1443 2520 1684 2570 Exemplum

299 2581 410 2620 dedit
425 2580 532 2619 idem
553 2576 690 2617 Liuius
708 2576 766 2615 his
790 2575 938 2615 verbis:
965 2575 1047 2615 Hoc
1064 2587 1160 2615 anno
1170 2573 1427 2614 intercalatum
1444 2573 1500 2625 est.
1555 2574 1684 2615 Tertio

295 2636 357 2675 die
375 2635 454 2689 post
473 2633 695 2675 Terminalia
711 2631 899 2672 Kalendae
919 2629 1156 2672 intercalares
1173 2631 1300 2683 fiaere.
1331 2632 1468 2670 XLIII.
1491 2641 1550 2673 11.
1607 2632 1685 2672 Hie

297 2689 390 2732 sane
413 2689 662 2731 manifestum
697 2687 763 2737 est,
781 2687 1035 2730 Kalendarum
1070 2687 1187 2728 etiam
1209 2686 1490 2730 Intercalarium
1521 2687 1686 2725 nomine

1436 2760 1439 2761 ⁷
1536 2739 1686 2782 venifl'e

431 2809 470 2836 ιι
497 2800 646 2834 ῐ..ΧιΝ.
670 2808 768 2844 c.44.
