1796 3120
0 1005 4 1120 i

0 1123 2 1148 V

0 1155 1 1168 i

291 71 376 112 AD
415 70 974 120 CHRONOLOGIAM
1010 73 1266 119 DIONYS.
1377 89 1489 134 2435

110 172 181 219 ἶνὴν
209 187 249 215 et
267 181 339 215 νέαν
358 187 567 227 propterea
591 178 745 218 videtur
769 177 979 232 appellaffe
993 179 1117 228 Solon,
1142 181 1249 231 quod
1277 180 1319 219 in
1347 180 1484 221 menfi-

108 231 180 272 bus
196 232 312 283 plenis
333 233 467 271 Lunae
484 236 600 273 veteri
628 233 912 282 accensebatur,
940 236 980 274 in
1003 240 1100 275 cauis
1120 249 1245 276 nouae.
1302 238 1403 276 Inde
1429 237 1483 278 fa-

108 289 223 333 cturn,
244 299 280 326 vt
299 293 465 333 manath
486 300 526 328 et
544 298 689 335 valinum
722 290 795 330 hoc
812 289 892 341 ipso
913 290 954 329 in
975 292 1059 331 loco
1079 305 1149 343 pro
1170 293 1312 331 eodem
1332 291 1481 332 habue-

108 345 158 384 rit
186 343 419 389 Plutarchus,
451 344 555 393 quod
581 344 693 397 saepe
718 346 796 385 illas
817 347 1038 385 coincidere
1063 345 1311 387 obseruaffet.
1367 350 1480 387 Pote-

106 411 194 441 rant
223 412 318 451 ergo
345 400 398 439 ili
419 400 521 438 diem
542 400 765 441 Ph.1rmuthi
792 414 848 441 xx.
875 416 945 452 pro
975 403 1089 441 Vrbis
1109 403 1299 443 Natalitio
1315 402 1475 450 habere,

106 456 174 507 qui
193 456 234 497 id
252 469 368 494 ¹mum
391 455 428 493 in
448 457 579 496 animo
606 457 812 500 habebant,
830 455 1008 496 Graecam
1027 457 1151 505 fuifl'e,
1166 472 1253 498 cnm
1275 459 1367 500 Vrbs
1379 473 1477 500 ,con-

104 513 276 560 deretur,
294 516 475 557 rgaaaedsoeg
523 526 601 551 non
620 513 714 550 irem
736 512 874 551 Palilia
895 511 1018 559 fuifl'e,
1039 514 1079 552 in
1099 527 1201 564 quae
1220 514 1359 561 τριακοὲς
1382 514 1474 552 inci·

102 569 215 608 derit.
273 568 319 608 id
343 579 474 608 autem
503 568 666 608 oblitum
690 568 908 608 Tarrutium
940 570 1210 610 Varronianum
1234 571 1330 610 mihi
1358 570 1473 610 facile

100 633 187 664 non·
208 621 436 675 persuadeo.
495 624 607 662 Illum
628 623 755 675 potius
770 622 989 664 obseruaffe
1011 625 1251 673 crediderim,
1280 626 1385 677 quod
1405 639 1473 663 no-

97 679 197 720 strae
226 680 372 720 tabulae
390 692 460 731 pro
490 678 609 728 Cyclo,
641 690 720 718 turn
741 691 894 731 recepto,
922 692 1057 718 verum
1091 679 1205 720 fuiffe
1235 682 1400 728 docent,
1429 682 1472 720 in

100 735 280 776 Graecam
315 741 476 782 τριακάδα
514 737 679 774 Romana
709 734 808 773 illius
837 734 929 775 anni
972 734 1146 774 incidiffe
1186 737 1334 776 Palilia.
1393 734 1473 775 Nisi

94 792 257 836 fortassis
277 803 325 830 eo
344 791 454 830 iilum
472 792 558 830 artis
577 788 814 841 suaefiducia
832 791 1042 842 impulerit,
1054 802 1092 828 rt
1113 790 1347 832 sententiam
1366 792 1473 843 apud

94 846 181 889 suos
209 849 312 886 ciues
331 843 380 886 de
399 846 577 886 Palilibus
604 846 702 886 vrbis
734 847 918 887 natalitiis
945 847 1240 898 receptissimam
1271 851 1350 889 arti
1378 846 1471 887 suae

80 901 372 949 ,aduersantem
402 914 450 940 ex
482 913 565 941 arte
595 900 659 942 sua
688 904 940 958 corrigendam
962 901 1196 941 existimarit.
1256 904 1358 944 Fieri
1387 903 1470 953 qui·

95 960 186 1000 dem
214 959 266 997 ita
291 958 428 1009 potuit,
459 955 508 996 fic
528 968 671 1004 tamen,
698 969 735 997 vt
756 958 829 998 hoc
851 960 1018 998 Varroni
1039 956 1105 997 suo
1125 971 1205 997 non
1225 956 1467 1011 persuaserit,

93 1027 183 1055 cum
201 1014 405 1054 Natalitiis
430 1011 502 1053 suis
530 1012 711 1052 Palilibus
743 1027 824 1053 non
850 1013 1026 1054 defuerit
1045 1014 1196 1062 vgcoeuig,
1224 1025 1326 1068 quae
1348 1015 1467 1054 etiam

91 1071 170 1124 ipsa
186 1071 228 1108 in
249 1069 407 1110 futurae
428 1069 630 1120 filicitatis
659 1082 776 1109 omen
797 1070 895 1108 verti
912 1070 1034 1122 poffit.
1091 1072 1183 1109 Non
1204 1081 1356 1116 temere
1374 1068 1468 1110 sane

86 1128 140 1168 ita
158 1121 362 1166 credidiss'e
379 1125 594 1165 Tarrutium
613 1126 716 1166 forte
735 1125 1046 1173 existimabimus,
1077 1126 1184 1178 quod
1205 1127 1364 1167 nimiam
1382 1126 1466 1165 eius

82 1181 259 1238 fiduciam
278 1181 498 1221 Plutarchus
513 1179 596 1233 ipse
615 1181 903 1233 perstrinxerit:
934 1179 974 1221 εὖ
1001 1179 1095 1228 μάλα
1112 1183 1381 1234 τεθαρῥηκότως,
1407 1182 1465 1219 in·

88 1239 185 1291 quit,
213 1239 266 1280 m),
291 1243 441 1285 ἀνδρείως
465 1237 671 1284 ἀπεφήνατο.
725 1239 786 1278 Sic
802 1236 973 1288 menfibus
993 1237 1141 1288 aliquot
1157 1239 1325 1286 Romam,
1345 1250 1464 1289 quam

87 1294 226 1336 fecerit
246 1294 379 1340 Varro,
403 1297 648 1347 antiquiorem
675 1294 883 1334 crediderit
908 1294 1119 1340 Tarrutius,
1149 1295 1189 1333 in
1218 1295 1360 1334 eodem
1381 1293 1464 1344 qui·

87 1351 182 1390 dem
208 1364 311 1390 anno
328 1352 458 1390 Attico
479 1350 706 1405 Olympiadis
723 1363 778 1390 vr.
801 1362 837 1404 3.
857 1349 1047 1404 superiori
1070 1361 1200 1391 tamen
1219 1364 1323 1390 anno
1352 1350 1464 1390 Julia-

87 1421 137 1448 no
162 1409 246 1444 Per.
270 1406 436 1446 Iulianae
456 1410 577 1459 3960.
631 1409 756 1445 Fauet
782 1417 898 1453 certe,
925 1416 963 1445 vt
986 1418 1046 1446 res
1078 1406 1128 1446 ita
1145 1404 1258 1446 fuiffe
1276 1405 1461 1458 potuerit,

85 1464 150 1502 illa
170 1460 258 1514 ipsa,
279 1474 380 1514 quae
406 1461 445 1500 in
467 1463 571 1501 diem
591 1461 815 1502 Pharmuthi
832 1475 886 1501 lx.
916 1462 1106 1509 inciderit,
1126 1472 1347 1513 opportuna
1369 1478 1461 1507 τρια·

84 1524 157 1561 κάς.
194 1521 314 1558 Fauet
339 1517 542 1565 Manilius,
577 1518 644 1569 qui
670 1516 739 1557 sub
760 1517 879 1559 Libra
907 1518 1101 1557 conditam
1129 1519 1286 1558 Romam
1320 1515 1459 1564 afl'erit,

85 1575 209 1616 fretus
226 1574 397 1614 'lhrrutii
416 1574 611 1629 Astrologi,
632 1584 671 1612 et
691 1585 739 1612 ex
761 1577 852 1613 artis
873 1571 963 1614 suae
978 1574 1222 1628 Astrologicae
1245 1573 1459 1613 rationibus

84 1631 267 1676 arcessito,
298 1630 453 1669 iudicio.
511 1630 589 1670 Nifi
614 1629 718 1669 forte
744 1630 791 1670 ad
813 1643 950 1670 nouam
967 1630 1120 1670 Romam
1148 1629 1196 1669 ab
1214 1628 1376 1685 Augusto
1398 1640 1457 1667 re-

86 1685 300 1733 stauratam,
329 1701 350 1725 a
370 1699 447 1736 quo
475 1684 559 1738 ipse
576 1687 672 1726 alter
689 1685 863 1725 Romulus
885 1686 1098 1738 appellatus
1117 1684 1181 1732 est,
1210 1698 1254 1725 ea
1278 1685 1457 1724 retulerit

85 1742 285 1783 Manilius.
342 1742 541 1796 Augustum
561 1743 665 1781 enim
686 1739 754 1780 sub
767 1742 882 1781 Libra
904 1752 1038 1782 natum
1058 1741 1147 1782 alibi
1167 1744 1193 1770 ³⁵
1205 1740 1454 1781 ostendimus.
1468 1746 1508 1783 35
1536 1739 1614 1774 Diff-

86 1801 209 1838 Fauet
229 1798 421 1847 denique,
454 1799 559 1848 quod
583 1800 722 1838 Lunam
739 1798 780 1836 in
803 1798 931 1845 Libra,
960 1810 1046 1836 cum
1067 1798 1183 1837 Roma
1203 1797 1452 1842 conderetur,
1466 1792 1506 1860 ἔ·
1528 1786 1570 1860 ‘J‘

85 1852 295 1894 crediderit
314 1850 427 1893 fuiss'e
454 1853 611 1894 Solinus.
668 1853 790 1902 Quod
810 1855 919 1893 enim
938 1863 1030 1892 tunc
1040 1852 1159 1894 Solem
1174 1853 1215 1900 ¹⁸⁴¹
1239 1854 1374 1901 Tauro,
1388 1840 1563 1922 quida·

81 1910 208 1959 Aprili
227 1906 456 1960 respondet,
484 1907 597 1949 fuifl'e
617 1907 753 1955 scribit,
781 1907 922 1954 eti-affe
948 1922 1040 1948 eum
1070 1909 1236 1958 ostendit
1260 1909 1300 1947 in
1323 1911 1455 1962 permi-

70 1965 223 2016 fiendis
243 1963 451 2015 vtriusque,
483 1975 562 2004 tam
582 1966 768 2012 Varronis,
781 1978 896 2015 quam
919 1965 1103 2013 Ταννιιιίἰ,
1125 1965 1349 2005 rationibus.
1377 1966 1454 2008 Ne-

79 2033 145 2060 mo
166 2020 271 2060 enim
293 2019 357 2065 est,
390 2020 496 2071 quod
517 2021 678 2073 quidem
697 2019 821 2067 sciam,
851 2022 917 2072 qui
938 2023 1078 2062 Lunam
1099 2020 1178 2062 Soli
1205 2031 1299 2059 tunc
1317 2017 1455 2072 oppost-

79 2088 158 2118 tam
182 2076 409 2123 crediderit,
440 2088 506 2116 aut
530 2076 690 2130 Eclipfin
709 2076 852 2124 Lunae,
892 2089 994 2127 quae
1021 2076 1101 2116 {ine
1127 2076 1349 2130 oppofitione
1373 2072 1453 2114 effe

84 2132 267 2186 potnerit.
301 2134 461 2184 Propius
485 2134 644 2183 quidem
660 2133 707 2172 ad
729 2134 862 2173 Palilia
873 2133 1042 2173 Romana
1061 2132 1221 2173 accedet
1239 2133 1321 2192 dies
1335 2130 1455 2171 Phar-

82 2188 205 2228 mathi
222 2201 275 2227 lx.
305 2187 330 2226 fi
351 2203 371 2227 a
391 2188 513 2228 Thoth
524 2187 609 2241 fixo
627 2189 792 2228 calculus
812 2189 984 2235 ducatur,
1002 2188 1108 2240 quod
1127 2188 1293 2240 proinde
1310 2187 1453 2239 piacuit

85 2241 239 2296 Magno
259 2243 456 2299 Scaligero.
478 2247 556 2285 Sed
578 2258 629 2284 ne
650 2245 811 2295 quidem
827 2244 879 2284 ita
892 2245 1106 2284 conueniet
1125 2254 1315 2283 accurate.
1344 2244 1455 2296 Apri-

83 2300 128 2339 lis
149 2300 253 2338 enim
269 2297 409 2340 Iuliani
436 2301 513 2340 diei
535 2301 750 2341 conueniet
778 2302 1047 2340 tantummodo
1068 2313 1133 2340 111.
1165 2299 1241 2339 hoc
1259 2311 1363 2339 anno
1376 2295 1456 2348 Bis:

72 2355 209 2406 sextili
231 2357 396 2398 l‘er.1ul.
411 2361 529 2410 3961.
559 2356 637 2397 Sed
656 2355 781 2396 Thoth
794 2353 916 2405 fixum
926 2369 979 2395 ne
998 2356 1158 2407 quidem
1180 2355 1307 2407 attigit
1321 2355 1454 2393 Varro.

85 2410 242 2449 Nedum
269 2421 351 2450 tum
375 2414 520 2465 attigit,
558 2425 644 2451 cum
673 2413 722 2451 de
739 2412 924 2453 Romanae
950 2413 1065 2452 Vrbis
1089 2410 1289 2451 Natalibus
1318 2411 1454 2450 Tarm-

84 2468 180 2507 tium
209 2464 438 2506 consuleret.
497 2469 684 2507 Meminit
701 2470 809 2508 enim
833 2468 948 2508 huius
964 2468 1135 2508 Tarrutii
1155 2465 1372 2506 sententiae
1396 2466 1454 2504 Ci-

86 2534 187 2567 cero,
222 2521 272 2559 de
294 2522 415 2561 Lunae
437 2527 532 2579 iugo,
557 2536 644 2563 cum
671 2524 792 2564 Roma
810 2525 1058 2572 conderetur,
1087 2523 1217 2562 multis
1242 2531 1333 2561 ante
1354 2523 1454 2573 Epo·

83 2576 195 2618 «ham
211 2575 334 2620 Thou·
348 2576 426 2629 fixi
442 2581 564 2620 annis.

741 2635 804 2674 Ff
826 2648 855 2689 4
1281 2651 1286 2657 ·
1366 2629 1456 2670 Iam
