1796 3120
123 108 225 148 PRO
256 107 663 148 HYPOTHESIBVS
701 107 944 148 DIONYSII
972 106 1260 149 HALICARN.
1318 116 1433 165 2715

44 204 200 264 bitaboe.
220 211 401 253 VHI.22.
442 211 505 250 Sic
522 210 658 261 itaque
676 210 727 249 de
748 207 922 254 Consule
943 209 1117 257 Publilia,
1143 211 1206 250 cui
1232 209 1309 250 sors
1326 211 1433 252 illam

44 265 289 312 Prouinciam
318 265 526 304 concessit:
572 265 767 314 Publilius,
802 269 902 306 inter
922 266 1147 319 Palaepolim
1163 267 1433 320 Neapolimque

45 324 120 363 loco
145 332 357 374 opportuno
379 334 494 374 σαρκο,
523 323 720 362 diremerat
736 321 900 374 hostibus
917 322 1132 373 ficietatern
1149 323 1281 362 auxilii
1299 326 1429 362 mutui.

44 390 151 429 023.
182 379 336 417 Initium
353 378 450 418 Belli
472 376 541 417 sub
564 378 622 417 his
644 379 738 431 Coffi
753 378 883 418 statuit
900 378 1034 419 Liuius
1054 381 1160 418 VIII.
1174 391 1239 420 22.
1267 381 1330 418 De
1348 392 1430 429 quo

44 432 137 474 sane
160 437 269 473 initio
291 434 372 485 agit
391 434 507 473 etiam
534 434 575 472 in
591 437 716 487 primo
738 434 879 473 horum
895 435 1203 489 Fragmentorum
1222 433 1434 484 Vrstniano-

40 505 124 530 rum
143 489 353 541 Dionyszus.
391 497 552 536 Δευτέςα-,ι
573 501 654 528 tum
671 490 790 537 γενεάν
810 489 943 530 censet
959 490 1168 541 Dionysius,
1197 503 1247 529 ex
1266 503 1344 541 quo
1362 491 1432 530 Cu-

42 560 101 585 ma
128 547 169 584 in
191 548 457 599 Campanorum
480 543 751 597 pofl'effionem
778 545 1007 595 deuenerat,
1027 547 1172 586 facium
1194 559 1300 585 anno
1319 547 1431 587 Cato·

42 606 153 642 niana
174 613 268 656 335.
290 602 404 640 docet
424 603 553 641 Liuius
574 604 641 640 lV.
655 616 722 655 44.
765 600 856 641 Vid.
877 615 967 642 ann.
988 612 1081 642 ante
1099 601 1293 654 Chr-417.

156 670 248 711 324.
292 657 418 696 Huius
447 658 541 697 anni
562 657 616 696 est
641 657 813 712 Legatio,
845 657 896 696 de
924 670 1000 708 qua
1030 659 1158 709 agitur
1177 657 1251 696 hoc
1265 657 1432 711 secundo

43 713 339 755 Vrfinianorum
360 713 620 766 Paragrapho.
679 716 736 753 ho
756 713 961 764 pertinent
978 713 1094 753 verba
1104 713 1209 752 Liuii
1226 711 1296 752 sub
1313 714 1431 754 huius

45 771 139 810 anni
160 767 262 810 Cofl'.
305 769 361 808 Ob
381 769 464 808 haec
483 783 562 809 cum
588 770 734 824 legatos
754 771 856 809 mitti
878 769 1076 822 placuisset,
1093 772 1202 822 prius
1222 770 1272 808 ad
1288 770 1432 809 Samni-

43 840 109 873 tes,
137 839 248 879 quam
265 825 407 865 Bellum
429 824 549 877 fieret,
574 825 794 878 Responficm
821 825 993 865 redditur
1020 840 1043 865 a
1061 825 1291 866 Samnitibus
1305 826 1430 876 ferox

45 893 117 921 etc.
141 883 240 921 VIII.
259 893 324 934 23.
381 882 494 920 Idem
530 881 743 921 ostendunt
777 881 894 921 verba
929 882 1148 934 legatorum
1176 883 1430 922 Romanorum

42 935 294 989 Diorlystana:
327 937 383 976 Ἐν
401 937 439 976 δέ
464 941 511 984 τῷ
539 936 739 985 παρελθόντι
759 940 891 982 ἐνιαυτῷ
917 945 1129 982 Νεαπολίτας
1147 937 1296 980 δεδιότας
1315 939 1429 976 ἀναιδέ-

42 999 97 1042 ξου
113 994 173 1033 τᾶν
194 995 270 1033 ›cxfi’
291 992 381 1038 ἧμῶν
399 992 557 1041 πόλεμον,
588 992 703 1042 ἁπάσῃ
720 997 830 1041 σπυδῇ
850 993 904 1036 καὶ
932 997 1100 1042 προθυμίᾳ
1116 994 1281 1045 χρώμενοι
1299 1010 1430 1040 ‘naeme-

42 1051 187 1097 μήσατε·
231 1053 354 1095 μᾶλλον
373 1048 640 1097 ὂίἆναγκεέσκτε.
688 1052 770 1090 Hos
798 1050 907 1089 enim
924 1051 1150 1095 Samnitium
1174 1059 1334 1089 conatus
1355 1048 1427 1090 sub

38 1108 185 1162 prioris
207 1107 301 1148 anni
322 1106 415 1158 COffi
432 1117 560 1146 narrat
579 1107 710 1147 Liuius
730 1108 838 1146 VIII.
850 1118 915 1148 22.
958 1107 1060 1146 Haec
1089 1110 1229 1154 ciuitas,
1254 1105 1429 1157 cumficis

42 1162 195 1211 viribus,
223 1175 300 1203 tum
320 1162 544 1202 Samnitium
571 1161 690 1213 infida
713 1162 884 1211 aduersus
910 1162 1092 1202 Romanos
1111 1164 1294 1215 societate
1315 1164 1428 1214 fi‘eta

44 1230 117 1260 etc.
150 1220 270 1260 Plane
288 1233 358 1271 pro
384 1230 522 1258 mente
539 1218 721 1270 Dionyfii.
766 1219 878 1258 Idem
896 1218 1074 1259 discimus
1092 1233 1141 1259 ex
1162 1232 1223 1266 eo,
1242 1219 1348 1269 quod
1368 1231 1428 1257 re-

41 1286 199 1329 ponunt
218 1275 412 1324 Samnites,
434 1275 484 1314 de
493 1275 694 1328 Fregellis:
720 1275 812 1321 ὑμεῖς
832 1277 917 1314 risen
935 1280 1045 1321 δικαίῳ
1063 1273 1333 1323 σφετερισάμενοι
1353 1272 1429 1313 aed·

43 1348 134 1380 τερον
154 1330 226 1374 ἔτος
246 1331 306 1375 ἤδη
321 1339 494 1377 κατέχετε.
526 1331 718 1371 Coloniam
735 1332 841 1370 enim
858 1329 1115 1386 Fregellensem
1134 1330 1202 1371 sub
1216 1330 1428 1383 stiperioris·

43 1391 136 1429 anni
158 1387 251 1439 Coffi
275 1387 404 1428 statuit
427 1385 600 1427 similiter
618 1389 748 1427 Liuius
769 1390 947 1429 vn1.22.
996 1387 1228 1436 Quinetiam
1258 1386 1428 1437 Confidis

43 1445 211 1491 alterius,
224 1444 395 1492 Cornelii,
409 1443 599 1491 meminit,
613 1445 732 1484 etiam
752 1444 803 1483 de
824 1445 996 1490 nomine,
1015 1442 1231 1494 Dionyfi'us.
1273 1446 1322 1482 Et
1343 1443 1427 1493 qui-

43 1502 135 1541 dem
163 1501 204 1539 in
231 1498 378 1549 iisdem,
406 1501 448 1538 in
471 1499 611 1550 quibus
635 1501 746 1538 illum
764 1496 890 1551 posuit
910 1500 1054 1548 Liuius,
1074 1499 1227 1547 statiuis,
1245 1498 1335 1542 ἐντδς
1358 1502 1447 1537 τῶν·

41 1559 238 1598 zonam-miv
256 1555 349 1604 ἕξων.
381 1555 615 1605 Samnitibus,
627 1555 670 1608 fi
687 1568 760 1610 qua
778 1556 826 1604 se
844 1568 1040 1606 mouerent,
1058 1556 1222 1610 oppofi‘ti‚
1241 1566 1278 1593 vt
1301 1555 1427 1605 loqui·

44 1626 106 1652 tur
131 1614 272 1652 Liuius.
328 1614 472 1663 Neque
504 1624 594 1652 vero
617 1613 787 1653 Cornelio
814 1621 1069 1664 prorogatum
1096 1623 1251 1665 tempus
1266 1611 1426 1663 Imperii

43 1669 219 1722 legimus,
249 1680 286 1707 vt
308 1668 452 1709 faftum
483 1668 526 1706 in
546 1666 656 1708 causa
682 1669 858 1721 collegae
885 1667 1049 1708 Publilii.
1077 1682 1106 1708 c.
1119 1681 1183 1723 23.
1225 1672 1308 1708 Imo
1336 1667 1433 1706 noui-

41 1727 124 1766 Cas.
156 1725 371 1764 aduentum
398 1723 521 1764 refert
549 1726 673 1765 Liuius
693 1736 801 1775 025.
833 1722 901 1764 sub
932 1737 1011 1776 quo
1045 1738 1105 1764 res
1125 1724 1257 1778 gestae
1276 1723 1429 1763 fuerint

43 1781 84 1820 in
105 1781 294 1821 Samnites.
325 1782 452 1821 Huius
471 1791 568 1831 ergo
590 1781 808 1833 Consulatus
828 1777 916 1819 funt
935 1781 1075 1829 omnia,
1095 1793 1198 1832 quae
1218 1780 1294 1819 hoc
1311 1779 1430 1820 Para-

39 1837 184 1894 grapho
215 1837 337 1877 refert
354 1833 567 1887 Dionyfius.

156 1905 250 1947 323.
285 1893 348 1933 Ad
371 1896 624 1946 interregnum
651 1906 709 1933 res
733 1893 843 1933 redit.
889 1891 1102 1946 Dilatzjfilue
1127 1890 1204 1932 alia
1224 1904 1331 1946 atque
1350 1888 1428 1933 alia

42 1950 88 1990 de
105 1949 209 2001 causa
222 1951 403 1999 Comitiis,
414 1950 725 2003 quartusdecimus
740 1951 884 1990 demum
895 1951 1079 1996 Imernx,
1091 1949 1222 1989 Lucius
1232 1950 1427 1997 Aemilius,

45 2005 215 2056 Confides
243 2019 351 2045 creat.
377 2005 647 2059 Liv.V111.23.
697 2006 771 2045 Hic
802 2004 894 2045 sane
921 2005 1168 2045 manifestum
1193 2004 1258 2052 est,
1279 2006 1430 2045 nullam

44 2059 158 2104 fuisse
180 2063 274 2102 anni
292 2060 457 2113 legitimi
475 2061 752 2108 mutilationem,
788 2060 855 2101 sed
872 2075 944 2114 per
961 2062 1179 2114 iurgiorum
1199 2058 1430 2101 Tribunitio-

44 2133 127 2160 rum
143 2131 268 2156 moras
299 2117 485 2156 effeetum
504 2116 593 2165 effe,
624 2130 662 2157 vt
681 2119 729 2158 ad
752 2117 1010 2172 Inter-regnum
1029 2129 1089 2156 res
1111 2118 1284 2158 redierit.
1340 2120 1428 2157 Imo

43 2174 173 2213 innuit
198 2171 279 2225 ipsa
297 2174 361 2212 illa
375 2174 522 2227 forma,
541 2174 627 2214 lites
652 2174 733 2213 illas
759 2174 801 2213 in
819 2175 931 2214 causa
948 2171 1073 2220 fuine,
1102 2184 1150 2221 vt,
1172 2175 1280 2226 quod
1297 2171 1428 2226 super-

47 2242 130 2269 erat
150 2245 170 2269 a
192 2231 365 2270 Comitiis
388 2230 437 2269 ad
458 2231 550 2269 anni
569 2230 735 2282 legitimi
745 2228 871 2282 finem,
891 2242 1043 2282 tempus
1062 2229 1298 2269 elaberetur.
1328 2232 1427 2269 Cae·

47 2298 175 2325 terum
205 2300 227 2324 a
245 2285 420 2325 Kalendis
453 2283 711 2342 Qinc'iilibus
745 2288 827 2326 dies
848 2289 963 2328 LXV.
993 2286 1224 2341 Interregum
1252 2287 1429 2326 tredecim

46 2340 94 2381 ad
116 2339 335 2391 Septembris
352 2346 486 2381 veteris
511 2343 616 2382 diem
637 2342 868 2395 pertingent
891 2345 960 2383 VI.
1020 2344 1104 2381 Nec
1122 2343 1226 2381 diem
1247 2344 1309 2381 xl.
1329 2343 1430 2380 eius·

46 2397 137 2437 dem
147 2398 365 2451 Septembris
387 2395 624 2449 superabunt
651 2398 750 2438 auffi
775 2400 977 2453 Interregis
995 2399 1125 2438 decimi
1143 2400 1272 2452 quarti
1289 2397 1428 2436 diebus

46 2452 187 2503 quinis.
243 2455 304 2492 Sic
330 2452 408 2501 fiet,
443 2463 480 2490 vt
499 2454 546 2494 ab
568 2454 698 2494 Idibus
714 2454 979 2508 Septembribus
1009 2468 1157 2494 nouum
1185 2454 1304 2494 fuerit
1323 2467 1432 2493 exor-

45 2509 158 2549 dium.
216 2509 278 2550 Sic
295 2507 372 2555 fiet,
393 2519 430 2547 vt
446 2507 630 2552 Kalendae
648 2511 780 2552 Maiae
801 2512 1054 2563 triumphales
1073 2509 1294 2567 QPublilii
1306 2509 1430 2549 Philo·

45 2567 114 2612 nis,
143 2578 224 2603 non
252 2565 328 2604 iam
362 2568 523 2618 amplius
554 2567 746 2621 Consulis,
774 2565 839 2607 sed
872 2567 1121 2618 Proconlulzs,
1149 2567 1197 2607 ad
1217 2565 1433 2619 fiquentem

47 2618 222 2674 speftent
247 2634 396 2661 annum
422 2623 613 2664 mianum.
668 2625 732 2666 Ab
759 2623 886 2665 Idibus
907 2626 1013 2665 enim
1042 2623 1156 2663 huius
1180 2623 1272 2663 anmi
1292 2621 1430 2661 Iuliani

1266 2678 1431 2731 ,Septem-
