1796 3120
161 79 265 119 PRO
295 77 700 118 HYPOTHESIBVS
742 76 983 119 DIONYSII
1016 78 1306 120 HALICARN.
1362 85 1477 138 2649
1535 86 1538 88 ’

87 186 152 233 rit,
178 183 271 222 hanc
287 182 423 231 Deam,
447 196 537 236 quae
559 181 734 223 vitalibus
748 182 897 236 praeest,
915 182 1243 236 templofiicrauit.
1301 185 1365 225 Ob
1387 200 1476 237 pro-

86 239 242 292 sperum
264 249 457 277 euentum
477 240 584 277 bene
609 242 824 279 ementitae
847 241 1055 287 dementiae,
1076 240 1256 292 pulfique
1283 240 1361 281 iarn
1382 254 1472 285 cum

84 295 160 337 suis
178 295 262 334 uliis
279 295 484 348 Tarquinii,
504 308 585 334 non
594 294 721 347 fecg'ffiv
734 306 830 342 vota,
844 294 909 335 sed
918 296 1064 348 filuiffi'
1081 296 1473 337 fe1-tu1·Brutus.Pro-

82 350 273 404 indepofl
298 351 440 390 initum
464 350 710 403 Confielatum,
736 365 824 390 cum
854 350 988 392 secura
1019 351 1086 390 fibi
1104 353 1307 392 videretur
1326 353 1473 404 aliqua-

84 419 199 447 tenus
218 408 446 460 aTarquinii
468 419 577 447 metu
600 406 841 459 Respublica.
903 409 1308 458 Fate01·equidem‚in
1323 411 1474 450 Kalen·

83 463 348 519 darioAugusti
359 462 407 502 fic
423 464 550 503 literas
562 463 611 511 Q.
626 466 666 503 R.
679 464 723 504 C.
737 465 776 502 F.
790 463 1039 514 interpretari
1062 462 1283 516 plerosque,
1296 465 1400 517 quafi
1417 467 1473 509 ita

83 518 209 560 effent
238 520 543 572 intelligendae:
570 519 803 573 QVANDO
835 520 945 559 REX
988 520 1233 560 COMITIIS
1283 521 1468 564 FVGIT.

83 576 173 624 Sed,
190 576 311 629 longe
338 577 451 615 aliter
471 588 493 614 e
515 576 684 616 Varrone
718 585 758 613 et
779 575 879 628 Festo
906 575 1185 627 intelligendas
1213 579 1345 617 docuit
1374 579 1474 619 Onu-

77 634 223 687 phrius.
284 635 395 671 Hanc
431 631 614 670 nimirum
641 632 684 670 in
721 630 977 672 sententiam:
1019 633 1118 687 QJJ
1119 636 1152 671 A
1170 633 1216 672 N
1223 633 1311 673 DO
1348 635 1477 677 REX

84 688 419 734 COMITIAVJT,
451 688 555 728 FAS.
611 688 674 728 Sic
702 687 808 727 enim
829 688 971 733 docuit,
1003 688 1108 727 diem
1134 688 1246 729 illum
1277 704 1326 729 ex
1356 701 1474 744 parte

84 746 355 785 tantummodo
386 742 562 796 nefastum
588 741 696 797 effe„
737 744 857 792 Quod
879 741 1032 791 scilicet,
1064 743 1147 795 post
1170 746 1333 786 Comitia
1363 749 1470 789 aRe-

81 815 127 859 ge
154 799 369 853 Sacrtficulo
396 800 546 846 habita,
575 799 762 851 deinceps
790 800 920 851 Fastus
967 798 1074 846 effer,
1104 799 1354 854 idoneusque
1383 803 1468 844 sen-

83 857 216 897 tentiis
252 857 478 897 decretoriis
517 872 537 896 a
581 857 762 896 Praetore
806 856 1066 908 proferendis.
1127 857 1202 895 Hic
1238 859 1366 915 fugae
1414 873 1467 899 ne

80 914 231 954 mentio
273 913 446 964 quidem.
505 915 555 952 Et
591 923 734 960 tamen,
768 912 858 963 quia
880 925 973 951 «vota
999 912 1050 951 de
1078 911 1285 970 Regq‘fttgio
1313 915 1469 957 soluiffe

81 971 223 1011 dicitur
248 969 289 1008 in
317 982 365 1008 eo
390 969 553 1014 Brutus,
582 969 679 1008 inde
713 967 857 1009 occafio
879 966 964 1007 satis
981 968 1105 1008 facilis
1131 968 1197 1018 est,
1223 984 1286 1010 cui
1318 973 1365 1012 ad
1398 972 1471 1023 fit-

76 1041 166 1084 gam
202 1026 430 1066 referretur.
490 1024 594 1064 Mihi
630 1025 790 1076 quidem
825 1023 985 1076 suspicio
1020 1025 1092 1071 est,
1121 1037 1207 1066 vota
1233 1028 1297 1067 illa
1331 1029 1468 1079 solum

82 1097 153 1137 pro
184 1082 345 1122 deteffls
372 1079 541 1120 filiorum
568 1080 725 1121 suorum
763 1081 1012 1132 aliorumque
1040 1081 1090 1120 de
1107 1083 1305 1136 Tarquinii
1339 1087 1468 1126 reditu

83 1138 372 1180 coniurantium
407 1137 561 1177 infidiis.
618 1137 824 1178 Conuenit
870 1147 979 1176 certe
1027 1138 1214 1190 tempestas
1242 1141 1336 1180 anni
1381 1140 1468 1182 satis

81 1205 270 1237 accurate.
328 1195 468 1250 Segetis
505 1194 708 1240 nimirum,
755 1192 946 1246 superiori
995 1208 1098 1234 anno
1127 1211 1148 1235 a
1175 1197 1380 1251 Tarquinio
1419 1197 1470 1239 sa·

82 1263 157 1298 tae,
188 1261 365 1291 maturae
401 1248 508 1305 meffi.
572 1251 634 1291 Sic
668 1249 776 1289 enim
828 1248 988 1289 testatur
1035 1251 1174 1292 Liuius
1212 1255 1259 1292 II.
1290 1265 1325 1306 ς.
1390 1256 1469 1294 Ha·

82 1309 204 1349 bebat
223 1318 332 1346 vetus
350 1307 418 1346 ille
439 1307 598 1357 Lunai-is
615 1307 744 1346 Maius
765 1307 940 1354 totidem,
968 1320 1011 1345 ac
1033 1307 1174 1355 noster,
1203 1309 1298 1356 dies,
1318 1316 1466 1363 nempe

81 1367 219 1406 XXXI.
242 1363 412 1403 Proinde
432 1366 495 1404 IX.
518 1364 686 1403 Kalend.
706 1364 790 1402 Iun.
811 1363 893 1402 dies
915 1372 997 1401 erat
1016 1363 1117 1403 illius
1132 1366 1232 1404 Maii
1253 1368 1391 1406 XXIV.
1431 1376 1468 1405 vt

82 1421 173 1468 dixi,
201 1420 268 1470 qui
290 1422 416 1472 primo
437 1420 547 1472 Cycli
565 1432 670 1459 anno
694 1419 773 1458 diei
793 1420 893 1458 Iunii
911 1419 1048 1458 Iuliani
1066 1422 1166 1460 XXI.
1188 1420 1464 1473 respondebat,
1490 1416 1493 1421 ¹

82 1490 153 1530 pro
175 1476 334 1528 Epocha
365 1477 613 1523 Varroniana,
647 1489 717 1527 pro
741 1477 949 1517 Catoniana
975 1477 1078 1515 Iunii
1096 1479 1177 1519 XII.
1215 1481 1266 1518 Et
1293 1479 1466 1530 quidem,

81 1534 216 1574 detec‘ta
249 1532 313 1571 illa
339 1533 620 1577 coniuratione,
660 1543 829 1584 negatae
858 1530 946 1571 sunt
972 1532 1061 1573 illae
1088 1534 1289 1587 Tin-quinio
1319 1535 1468 1589 fruges,

84 1603 185 1641 quae
204 1604 225 1628 a
243 1587 340 1640 m‘iffi
364 1591 488 1641 longe
505 1586 635 1628 abess'e
661 1602 742 1627 non
766 1598 960 1641 poterant,
991 1602 1061 1639 pro
1080 1603 1192 1629 more
1210 1592 1470 1632 Romanorum

83 1645 205 1697 ferias'
236 1643 395 1698 meffiuas
439 1646 534 1685 Iulio
573 1644 720 1684 Iuliano
765 1645 1062 1684 celebrantium.
1120 1646 1337 1698 Hucusque
1371 1661 1470 1702 ergo

85 1711 237 1741 certum
259 1701 314 1740 est
337 1699 568 1753 superfuiss'e
585 1702 762 1748 Brutmm
790 1714 864 1740 nec
882 1701 982 1740 adeo
1001 1702 1201 1748 Martium,
1232 1717 1312 1754 quo
1339 1707 1469 1756 perie-

85 1760 144 1803 rit,
175 1758 220 1797 ad
242 1759 335 1797 anni
353 1756 576 1798 Consularis
605 1760 767 1805 initium,
797 1755 865 1796 sed
883 1755 996 1807 finem
1024 1759 1164 1809 potius,
1192 1758 1270 1799 esse
1290 1761 1470 1801 referen-

86 1816 193 1854 dum.
254 1816 304 1852 Et
336 1811 427 1853 sane
454 1825 514 1851 res
540 1811 620 1864 ipsa
651 1814 806 1861 clamat,
838 1824 991 1864 partem
1029 1815 1089 1853 vel
1115 1818 1316 1856 maximam
1352 1815 1468 1858 fuiffe

85 1871 206 1910 Bruto
224 1870 264 1907 in
285 1870 479 1908 bonorum
509 1881 532 1907 e
552 1869 773 1922 Tarquiniis
801 1870 1062 1920 repetitor-um
1089 1873 1327 1911 retentione.
1382 1874 1466 1912 Bel-

85 1927 168 1966 lum
194 1926 340 1976 itaque,
375 1939 452 1977 qno
480 1926 606 1977 periit,
636 1927 684 1965 ad
704 1939 852 1965 annum
880 1926 1062 1965 Iulianffim
1090 1925 1326 1978 sequentem
1355 1929 1467 1969 diffe-

86 1982 255 2022 rendum
275 1980 339 2020 est.
398 1985 446 2022 Et
464 1982 623 2032 quidem
644 1995 715 2033 pro
735 1980 930 2022 sententia
952 1981 1138 2033 Dion-yffi,
1174 1994 1211 2022 vt
1231 1996 1324 2023 mox
1343 1985 1468 2026 osten—

85 2040 236 2078 demus.
295 2038 419 2077 Certe
437 2038 544 2088 quod
565 2051 747 2077 maturum
774 2035 870 2092 meffi
885 2039 982 2077 dixit
1011 2040 1145 2087 Liuius,
1173 2040 1213 2079 id
1241 2042 1468 2090 τεθερισμένον

85 2093 173 2145 ἄρτι,
203 2091 261 2141 ψ’
280 2101 425 2140 κειμέιων
448 2094 496 2132 ’ἔτι
523 2098 588 2131 uli-2
605 2099 803 2140 δραγμάτων
822 2093 1013 2134 transtulit
1033 2096 1270 2136 Plutarchus.

196 2153 288 2204 506.
325 2151 524 2204 Tarquinii
558 2150 713 2204 Superbi
758 2164 848 2190 ann.
883 2150 1022 2202 Exfllii
1048 2154 1096 2190 ΙΙ.
1126 2156 1248 2193 Aetat.
1276 2154 1467 2196 LXXVII.

84 2207 294 2254 Proelium,
308 2220 386 2258 quo
414 2207 703 2247 ceciditBrutus
716 2210 889 2247 etAruns
899 2208 1120 2261 Tarquinius
1138 2216 1212 2257 περὶ
1242 2212 1319 2255 μιᾶς
1338 2222 1467 2250 Καλαν-

85 2266 149 2302 δῶν
172 2270 314 2307 Μκρτί-ιι.
335 2263 524 2304 Plutarch.
547 2265 730 2316 Poplicol.
772 2265 927 2315 Nempe
953 2278 1056 2302 anno
1077 2264 1178 2316 Cycli
1196 2279 1232 2307 2-
1252 2265 1388 2306 Martii
1406 2271 1465 2308 Iu-

86 2318 177 2359 liani
200 2318 263 2357 die
285 2322 418 2359 XVIII.
441 2334 510 2372 pro
538 2322 688 2361 Tabulis
706 2319 840 2359 nostris
860 2320 1045 2371 Epochae
1067 2322 1331 2361 Varronianae.
1386 2324 1468 2364 Sed

86 2387 191 2415 anno
213 2375 316 2421 Cycli
334 2389 370 2428 4.
397 2375 492 2426 (qua
515 2376 700 2428 Epochae
723 2377 949 2416 Catonianae
977 2378 1330 2417 accommodandae
1359 2377 1467 2428 sunt)

84 2432 204 2479 April.
224 2431 294 2468 Iul.
318 2445 353 2472 2.
387 2436 437 2478 τῆ
469 2432 545 2478 ἑξῆς
573 2433 679 2480 ἦμέρᾳ
706 2447 726 2471 a
749 2433 897 2472 Valerio
920 2434 1070 2483 collega
1097 2447 1167 2484 pro
1188 2434 1313 2472 rostris
1336 2434 1464 2471 lauda·

87 2496 159 2524 tus.
179 2486 340 2537 Dionyſs
355 2502 392 2539 p.
415 2500 506 2541 279.
566 2489 733 2527 Proinde
753 2490 898 2528 Martii
918 2489 1055 2527 Iuliani
1077 2489 1142 2527 die
1163 2491 1260 2529 XIX.
1308 2490 1461 2526 Reuera

86 2554 157 2593 pro
178 2541 245 2579 litu
268 2542 450 2594 Lpochae
470 2546 699 2583 Catonianae
729 2544 1010 2597 intelligendus
1037 2545 1091 2583 est
1107 2542 1314 2594 Dionyfius.
1373 2544 1463 2580 Hoc

84 2609 183 2653 ergo
204 2611 308 2638 anno
327 2599 483 2647 Iuliano,
502 2599 528 2639 fi
545 2599 765 2652 Dion-yfi'um
784 2601 995 2647 audiamus,
1016 2601 1084 2653 qui
1106 2598 1458 2691 Ob‘mpssXVsIH}

1303 2665 1345 2692 re
1362 2667 1458 2705 pon-

1361 2733 1381 2741 z
