1796 3120
127 86 227 128 PRO
261 81 666 124 HYPOTHESIBVS
696 80 939 121 DIONYSII
967 77 1254 120 HALICARN.
1311 80 1424 132 2677

50 198 90 228 et
110 186 280 241 suffragii
301 190 380 226 iure
398 186 566 239 proinde
595 185 779 226 carituris.
835 186 971 235 thue
989 183 1042 222 ini
1059 183 1101 222 in
1124 183 1316 224 Pomoerio
1337 179 1426 234 fuis3

51 244 146 291 sent,
173 257 253 283 non
277 255 409 284 tamen
422 243 649 295 sagratorum
677 240 862 293 suffragia
887 249 1018 287 erant,
1054 237 1121 279 sed
1152 237 1424 279 tantummodo

50 314 276 355 togatorum.
333 301 417 339 Nec
434 293 550 350 porro
567 298 718 352 sugatis
736 297 844 336 licuit
865 297 999 336 Vrbem
1028 295 1185 347 ingredi
1209 293 1289 332 {ine
1311 293 1426 344 Impe-

51 354 252 401 moribus,
285 354 438 404 quoties
469 354 770 406 triumphandum
797 350 905 392 effer.
963 355 1117 392 Partem
1144 351 1252 389 enim
1270 349 1332 387 vel
1349 361 1426 387 ma·

53 412 197 451 ximam
223 412 263 449 in
282 410 493 463 Triumphis
525 410 693 449 habebat
732 410 946 461 deportatus
963 407 1010 447 ab
1032 411 1273 458 Imperatore
1292 405 1428 444 exerci-

53 481 133 516 tus,
164 466 424 519 praemiisque
464 464 591 505 affetu
623 465 776 505 milites.
832 463 976 503 Adhuc
1015 464 1121 502 enim
1160 461 1228 502 sub
1267 462 1427 514 Imperio

54 534 176 570 erant,
202 533 242 561 et
263 523 495 562 Sacramenta
523 522 684 560 militari
710 520 892 568 obnoxi1‚
932 518 1025 558 dum
1051 520 1195 559 liftores
1223 518 1426 562 retineret,

11 611 18 614 .
52 579 195 631 quibus
224 577 388 633 dimiffis‚
419 590 471 616 ne
498 577 659 627 quidem
688 575 796 615 licuit
823 574 1062 627 triumphare.
1119 575 1271 614 Primae
1295 582 1429 613 autem

53 640 246 678 εἰσελάσεως
287 645 368 674 erat
401 631 635 686 Triumphus.
703 632 876 670 Proinde
905 644 990 671 ante
1033 630 1156 670 auum
1187 629 1429 681 triumphum

53 690 226 731 Tribunis
245 691 295 728 de
316 691 415 744 Lege
433 685 555 741 'agere
575 700 628 726 ne
648 687 809 738 quidem
835 687 943 726 licuit
959 687 1063 725 intra
1083 686 1328 733 Pomoerium,
1348 684 1431 735 qui-

56 748 128 787 bus
154 747 262 786 nulla
288 756 416 786 tamen
444 754 527 784 erat
560 757 669 783 extra
699 744 949 783 Pomoerium
979 741 1157 794 potestas.
1212 743 1305 780 Non
1323 740 1432 780 licuit

57 802 190 843 saltem
208 815 294 840 cum
314 799 543 852 Consulibus,
575 801 625 840 de
645 812 812 849 quorum
831 799 954 838 reditu
981 798 1154 849 loquitur
1172 796 1237 836 illo
1258 798 1343 836 loco
1363 797 1433 835 Li-

55 862 147 898 vius.
202 860 250 897 Et
272 870 324 896 ne
343 857 506 907 quidem
525 869 612 896 cum
629 854 806 895 militibus
816 853 1122 909 Qiritibus,qui
1141 866 1235 900 non,
1256 851 1325 890 nifi
1342 865 1434 891 exu-

59 926 98 953 to
125 913 283 952 militum
311 913 490 960 nomine,
530 922 569 951 et
589 909 740 950 remifl‘o
771 910 1007 951 Sacramenta
1028 912 1193 957 militari,
1219 907 1435 962 Quiritium

58 981 204 1008 nornen
222 969 451 1009 induebant.
509 967 570 1009 Sic
590 968 697 1006 enirn
715 966 872 1023 legiones
892 966 1193 1007 exaufflorabant
1212 965 1332 1004 lulius
1352 965 1438 1010 Cae·

47 1025 122 1078 fiir
141 1037 179 1063 et
193 1024 669 1072 AlexanderSeuerus‚cum
689 1037 759 1074 pro
779 1021 1081 1063 commilitonibus
1095 1023 1179 1063 illos
1190 1022 1360 1078 Quirites
1374 1034 1438 1072 ap·

60 1082 263 1133 peilarem.
301 1081 471 1120 Proinde
490 1078 624 1119 mense
642 1079 753 1119 Maio
771 1092 824 1117 ne
847 1079 1010 1130 quidem
1029 1090 1212 1129 poterant
1228 1080 1317 1118 noui
1334 1077 1438 1115 inire

63 1135 243 1188 Consules,
274 1146 311 1174 vt
333 1135 495 1189 spatium
522 1136 581 1175 vel
609 1133 841 1189 arc‘i'iffimum
866 1136 966 1188 Legi
993 1135 1177 1187 ferendae
1204 1133 1439 1172 concedere-

61 1206 158 1233 mus.
220 1193 363 1233 Laxius
393 1202 525 1233 autem
549 1188 806 1230 neceffarium
832 1202 924 1238 erat,
952 1202 990 1229 vt
1014 1189 1213 1230 necess'arii
1235 1189 1282 1230 ad
1305 1190 1442 1243 Legem

56 1248 332 1303 proponendam
358 1247 500 1287 fierent
529 1257 741 1301 apparatus.
800 1247 922 1295 Quod
945 1255 1077 1287 tamen
1107 1247 1200 1286 vltra
1216 1246 1301 1286 Idus
1322 1245 1445 1285 Sexti}

61 1306 110 1345 les
140 1304 307 1356 proferri
335 1303 539 1344 commode
558 1304 617 1342 vix
637 1300 804 1354 potuisse
834 1314 910 1343 tam
930 1315 979 1341 ex
998 1301 1293 1342 areecedentibus
1314 1299 1444 1339 didici-

63 1374 167 1408 mus>
197 1374 312 1410 quam
341 1362 457 1400 etiam
486 1372 510 1398 e
530 1357 830 1413 consequentibus
855 1357 1056 1398 discemus.
1115 1362 1173 1399 Ex
1209 1359 1283 1397 hoe
1311 1367 1446 1397 autem

66 1427 143 1457 tam
166 1430 311 1455 maturo
329 1415 529 1469 Triumpho
548 1415 772 1467 colligimus,
793 1425 945 1466 partem
967 1426 1100 1454 rerum
1117 1415 1164 1455 ab
1186 1415 1243 1453 his
1267 1412 1361 1467 Coss?
1377 1424 1446 1465 ge·

66 1472 207 1512 starum
236 1486 418 1525 magnam
446 1472 537 1512 anni
566 1469 681 1511 fuisse
710 1470 845 1524 Iuliani
868 1470 1090 1523 superioris.
1147 1471 1311 1521 Aliquot
1337 1468 1447 1507 enim

66 1528 200 1581 menses
229 1529 374 1580 'sustuli
403 1529 589 1567 bellatum
617 1525 774 1566 testatur
808 1529 937 1567 Liuius
957 1528 1102 1580 111.23.
1157 1523 1447 1566 Praecefferant

68 1597 200 1626 autem
231 1598 290 1624 res
323 1584 453 1637 gestae
481 1583 529 1623 ab
559 1597 631 1623 vno
667 1582 823 1634 Confiile
850 1584 890 1621 in
915 1584 1100 1623 Antiates.
1166 1581 1447 1632 Sequebantur

67 1640 256 1694 vtriusque
276 1641 452 1691 Confidis,
474 1637 582 1690 pulso
605 1638 723 1685 hoste,
743 1636 896 1691 seorstm
914 1639 954 1677 in
966 1638 1112 1690 Volfios
1130 1637 1352 1692 Aequosque.
1381 1637 1447 1675 De

70 1698 212 1747 quibus
243 1707 372 1736 tamen
393 1698 499 1737 Maii
521 1697 658 1735 veteris
672 1697 755 1736 XII.
780 1695 1060 1749 triumphatum,
1090 1695 1189 1737 Iunii
1216 1705 1363 1745 nempe
1392 1692 1449 1731 lu·

47 1782 51 1787 -
71 1754 166 1793 liani
184 1753 247 1792 die
264 1755 308 1791 Π.
329 1752 401 1792 hoc
420 1765 523 1792 anno
544 1752 645 1802 Cycli
668 1753 738 1791 VI.

185 1813 300 1848 Porro
322 1807 395 1847 hoc
413 1808 554 1847 eodem
580 1820 683 1847 anno
702 1805 850 1847 Iuliano
870 1803 1131 1846 suceefferunt
1149 1805 1243 1846 anmi
1261 1804 1452 1859 fiquemis

75 1862 277 1909 Consules,
298 1863 436 1911 Idibus,
465 1873 499 1900 vt
522 1863 707 1910 existimo,
737 1861 952 1909 Sextilibus,
986 1875 1087 1913 quae
1106 1861 1200 1912 (hoc
1221 1874 1326 1902 anno
1349 1861 1454 1910 cycli

75 1923 173 1976 VI.)
201 1919 418 1973 Septembris
450 1919 585 1959 Iuliani
611 1920 690 1958 diei
713 1918 1004 1970 respondebant
1026 1921 1074 1958 11.
1134 1921 1240 1957 Tum
1258 1931 1376 1956 nouae
1395 1916 1453 1954 in-

77 1977 225 2027 cipiunt
253 1990 341 2016 enm
366 1979 469 2015 nouis
497 1975 591 2027 ⁰0ss
614 1976 721 2015 rixae
745 1974 1004 2022 Tribunorum,
1019 1976 1185 2030 Virginii
1203 1974 1453 2026 collegarum,

76 2041 238 2079 τέταρτον
266 2031 338 2074 ’ἔτος
370 2033 427 2074 ἷῖὁκ
455 2032 516 2075 viv
546 2032 655 2075 αὐτήν
688 2030 921 2077 κατασχόντων
946 2031 1064 2081 beviti,
1094 2031 1223 2081 inquit
1246 2027 1454 2081 Dionysius.

79 2090 196 2139 Quae
226 2090 342 2128 verba
370 2091 421 2129 ita
445 2087 635 2139 intelligo,
669 2098 706 2126 vt
735 2088 811 2128 iam
837 2101 875 2141 4.
895 2087 1043 2128 fuerint
1073 2086 1274 2139 defignati.
1333 2083 1457 2135 Quod

81 2142 223 2184 scilicet
238 2145 392 2184 vic'loria
412 2145 620 2184 certaminis
653 2143 723 2198 [de
746 2143 819 2183 hoc
838 2155 974 2193 quarto
994 2143 1234 2196 Tribunatu]
1261 2141 1459 2195 penesTri-

82 2198 348 2252 bunosfuerit.
375 2201 436 2241 Sic
455 2201 561 2238 enim
578 2200 749 2250 loquitur
775 2201 906 2239 Liuius
920 2201 990 2238 111.
1003 2213 1066 2252 24.
1111 2198 1220 2237 Idem
1241 2210 1336 2250 ergo
1356 2213 1458 2235 ›exra-

83 2262 186 2303 σχεῐν,
207 2258 313 2307 quod
326 2259 425 2297 votis
440 2258 572 2309 potiri,
590 2269 662 2296 nec
681 2256 842 2307 amplius
859 2258 960 2294 inter
971 2255 1075 2309 spem
1092 2267 1289 2306 metumque
1309 2252 1461 2292 dubium

86 2308 177 2350 effe.
238 2314 321 2350 Nec
351 2313 457 2352 enim
488 2313 610 2364 longe
628 2327 649 2352 a
674 2314 854 2358 Coruinis,
883 2313 1023 2361 quibus
1043 2312 1160 2351 creati
1182 2309 1363 2361 Consules,
1396 2309 1461 2347 de-

86 2365 338 2419 signabantur
358 2369 487 2415 etiam,
510 2379 546 2406 vt
568 2367 730 2414 videtur,
757 2367 926 2407 Tribuni.
981 2368 1078 2407 Inde
1098 2378 1172 2406 tam
1194 2366 1362 2405 acerbae
1376 2365 1463 2402 lites

86 2423 130 2462 iu
159 2423 324 2463 Comitiis
357 2422 614 2475 Corfidaribus
640 2424 691 2463 de
724 2421 990 2464 Tribunatibus
1015 2424 1131 2463 etiam
1157 2422 1463 2476 redintegrandis.

88 2478 168 2519 Sed
187 2479 298 2518 duum
318 2480 488 2529 mensium
502 2479 672 2533 spatium
693 2479 905 2532 Consulibus
923 2481 1050 2520 datum
1078 2479 1124 2533 est
1145 2481 1192 2518 ad
1209 2477 1467 2531 inspiciendam

89 2534 240 2589 Legem:
276 2546 330 2581 vt,
351 2549 429 2575 cum
446 2534 656 2587 edocutffint
683 2537 872 2589 Populum,
893 2537 982 2590 quid
987 2535 1140 2586 fraudis
1159 2536 1323 2574 occultae
1344 2533 1468 2583 ferre-

90 2603 163 2638 tur,
182 2591 344 2645 finerent
369 2591 499 2633 deinde
523 2591 760 2650 suffragium
788 2595 895 2631 inire.
952 2593 1031 2634 Hoc
1058 2590 1246 2633 interualli
1269 2590 1391 2630 datum
1408 2601 1469 2627 res

786 2651 854 2688 Xx
883 2659 908 2700 ς
1368 2656 1471 2684 tran«
