1796 3120
140 131 242 169 PRO
272 109 681 169 HYPOTHESIBVS
712 125 958 169 moNYS‘II
990 127 1275 183 HAHCARN.
1335 140 1445 185 2703

58 234 181 275 turius
201 231 464 273 abdicantium
490 232 538 272 ad
560 231 724 286 posteros
753 233 951 285 migraret.
1011 235 1102 272 Non
1126 230 1270 272 scilicet
1294 232 1445 274 succur-

58 290 180 335 rebat,
210 289 278 339 qui
297 287 475 328 Kalendis
496 287 717 328 Oeiobrihus
737 288 919 336 inierant,
954 288 1083 340 iustum
1102 286 1351 342 Magistratus
1380 303 1442 330 an·
1480 292 1483 295 ”

58 358 144 385 num
177 342 430 395 sequentibus
458 342 679 396 impleuifl'e
709 340 887 385 Kalendis
914 344 1140 385 Ot‘iobribus.
1199 347 1253 386 Vt
1270 343 1440 396 proinde

59 400 309 454 Magistratus
327 405 440 440 annui
461 401 621 440 modum
628 401 857 452 superarint,
887 398 914 439 fi
935 402 982 440 ad
1001 402 1088 441 Idus
1100 398 1218 452 vsque
1227 400 1446 442 Decembres

59 454 282 495 tenuissent.
343 459 593 507 Quamquam
621 465 753 496 autem
793 467 995 508 receptum
1027 457 1157 502 fuerit,
1188 465 1227 495 vt
1256 457 1446 498 breuiores

58 512 309 565 Magistratus
330 514 508 552 facerent
527 512 696 560 Romani,
726 509 794 551 seu
816 508 916 564 culpa
941 511 1070 552 fuifl'et
1091 513 1202 559 illius,
1234 513 1341 553 cuius
1360 519 1445 557 Ma-

57 568 258 621 gistratum
279 570 373 608 vltra
395 583 473 606 non
491 568 704 607 ferendum
724 568 950 608 iudicabant
961 579 971 614 ;
1002 566 1069 607 seu
1089 567 1281 624 Religione
1299 570 1438 621 aliqua,

54 627 220 678 maloque
240 625 280 663 in
299 624 591 675 Rempublicam
611 626 757 663 omine:
799 625 968 675 prolatos
986 637 1078 663 vero
1104 624 1346 677 Magistratus
1368 635 1444 664 ter-

53 681 191 727 minos,
204 694 288 720 raro
309 680 528 726 admodum,
551 679 577 717 fi
598 690 767 730 vnquam
785 678 951 727 fortafi‘e2
973 681 1151 732 legimus.
1208 683 1348 733 Itaque
1369 681 1445 722 Ka·

53 737 178 777 lendas
199 736 372 776 Oc‘iobres
401 736 548 775 tamdiu
581 732 870 788 Magistratibus
900 733 1052 775 summis
1071 738 1237 776 ineundis
1258 735 1443 778 solennes

55 788 169 832 fuiffe
187 792 362 838 arbitror,
397 793 491 831 dum
513 803 662 830 nouum
682 791 787 831 aliud
804 790 1107 831 constitueretur
1127 794 1320 832 exordium
1336 793 1441 833 aKa-

54 850 168 889 lendis
198 847 458 900 Quinc'tilibus.
515 847 609 887 Illae
639 857 772 887 autem
799 856 907 885 certe
927 848 1084 887 vixdum
1107 862 1212 888 anno
1233 849 1442 890 catoniano

55 908 147 958 356.
171 906 300 942 locum
329 903 477 944 habere
503 914 698 955 poter-ann
756 906 794 942 A
822 902 919 954 tristi
943 901 1066 954 hyeme
1084 916 1232 943 annum
1249 906 1357 944 illum
1376 920 1442 945 au-

52 961 220 1013 spicatur
237 957 320 1011 ipse
337 960 478 1005 Liuius,
500 960 581 1011 flue
602 973 648 998 ex
667 961 876 1011 intemperie
906 959 1070 1015 (inquit)
1098 960 1192 1006 coeli,
1213 965 1346 1014 raptim
1365 972 1440 1001 mu-

51 1021 193 1058 tatione
214 1019 254 1054 in
274 1019 500 1056 contrarium
518 1015 642 1066 fabia,
657 1014 740 1066 fine
759 1015 831 1054 alia
849 1025 922 1068 qua
941 1015 984 1054 de
1001 1016 1134 1067 causa,-
1172 1029 1281 1070 quam
1308 1020 1441 1073 grauis

46 1073 281 1127 pestilensque
308 1072 477 1113 omnibus
494 1070 713 1112 annualibus
741 1071 852 1123 aestas
871 1074 1063 1125 exceperit.
1085 1077 1133 1112 V.
1150 1085 1211 1126 13.
1271 1075 1441 1115 Primum

51 1131 181 1169 locum
207 1129 248 1167 in
278 1129 378 1167 illius
407 1130 500 1168 anni
524 1127 754 1180 Magistratu
783 1127 944 1177 hyemem
969 1126 1135 1168 tenuifl'e
1155 1129 1270 1168 docet
1290 1128 1437 1170 Liuius.

49 1186 99 1226 Et
117 1184 278 1236 quidem
297 1197 603 1236 praeproperam
624 1185 738 1230 illam,
766 1184 808 1222 in
830 1195 906 1235 qua
936 1188 1074 1236 raptim
1093 1184 1268 1224 faela‘est
1295 1189 1335 1225 in
1355 1201 1440 1228 con·

50 1244 210 1282 trarium
234 1243 405 1280 mutatio.
461 1241 606 1282 Melius
633 1241 724 1280 illae
753 1250 871 1278 notae
897 1242 1145 1279 conueniunt
1171 1241 1212 1279 in
1244 1243 1437 1283 exordium

49 1310 72 1338 a
95 1297 274 1337 Kalendis
301 1294 538 1344 oaobrilms,
568 1308 685 1348 quam
717 1297 758 1334 in
796 1295 883 1335 Idus
910 1295 1134 1343 Decembres,
1167 1298 1228 1335 vel
1248 1295 1436 1340 Kalendas

51 1356 168 1394 etiam
187 1354 351 1392 Sextiles.
409 1355 562 1405 Nempe
593 1352 633 1401 iu
655 1350 825 1392 Oc'lobris
847 1353 986 1392 Iuliani
1015 1354 1119 1391 diem
1136 1355 1164 1391 Ι».
1186 1367 1258 1404 pro
1277 1352 1439 1406 Epor-ha

49 1410 268 1453 Catoniana,
288 1411 349 1448 vel
365 1412 427 1449 ΙΧ.
451 1421 522 1461 pro
545 1407 705 1460 Epocha
730 1408 979 1456 Varroniana‚
1007 1420 1107 1459 quae
1133 1408 1208 1447 hoc
1228 1405 1440 1462 spatio'Ca·

47 1469 234 1508 tonianam
260 1465 433 1503 triennio
462 1465 671 1516 praecedit.
732 1465 891 1504 Medius
918 1464 979 1504 hic
1005 1465 1092 1504 fere
1118 1462 1230 1504 limes
1253 1465 1308 1504 est
1332 1467 1437 1507 inter

49 1523 164 1575 aestus
182 1522 376 1562 Autumni
405 1533 445 1560 et
461 1521 598 1575 frigus
620 1520 817 1572 hyemale,
847 1534 925 1571 quo
956 1524 1165 1573 repentinae
1188 1520 1272 1560 fieri
1295 1524 1437 1573 poffint

50 1582 149 1620 aeris
178 1581 395 1618 mutationes
424 1577 646 1628 corporibus
674 1575 855 1615 humanis
876 1575 1226 1628 periculoiiffimae.
1284 1579 1436 1618 Tenuit

49 1636 125 1675 hoc
150 1637 243 1674 anni
264 1635 472 1673 Exordium
500 1633 547 1672 ad
570 1645 718 1672 annum
738 1633 984 1672 Catonianum
1004 1639 1095 1686 358.

162 1702 253 1744 394.
288 1694 373 1729 Hoc
398 1702 503 1729 anno
529 1700 663 1727 nouum
691 1689 820 1739 coepit
848 1687 1016 1740 supremi
1036 1684 1280 1741 Magistratus
1311 1686 1434 1730 annui

49 1749 209 1787 initium.
269 1745 372 1786 Vitio
401 1746 506 1783 enirn
535 1755 701 1792 creatos,
737 1743 803 1795 qui
836 1741 909 1783 hoc
939 1757 1043 1784 anno
1072 1743 1192 1784 fasces
1222 1744 1434 1797 depolituri

51 1814 174 1849 erant,
210 1816 258 1841 ex
280 1802 448 1841 oraculo
468 1801 699 1840 didicerunt.
762 1801 877 1839 Vnam
901 1813 997 1853 ergo
1024 1804 1269 1853 expiationem
1299 1815 1428 1843 eorum

10 1901 12 1904 v
49 1858 111 1911 effi>
133 1856 381 1906 censuerunt,
402 1869 443 1895 vt
472 1856 630 1896 Tribuni
642 1853 813 1896 Militum
835 1858 1048 1895 abdicarent
1056 1859 1099 1908 se
1118 1858 1433 1913 Μαιξνιζίίῃηῑι,αιιό

36 1917 159 1969 spicia
180 1913 220 1953 de
238 1919 385 1969 integro
406 1925 664 1966 repeterentur,
685 1927 719 1952 et
738 1911 1000 1967 Interregnum
1020 1916 1189 1953 iniretur.
1212 1918 1256 1954 v„
1276 1927 1332 1966 17.
1374 1918 1433 1954 Ex

49 1971 105 2010 his
140 1973 233 2009 ‘iuii
253 1971 378 2008 verbis
394 1968 643 2008 manifestum
666 1968 729 2016 est,
761 1982 846 2008 ante
865 1981 1017 2021 tempus
1044 1970 1163 2008 annui
1181 1970 1432 2023 Magistrum}

47 2027 221 2079 elapsum
255 2039 381 2065 exutos
421 2025 573 2063 honore
599 2025 714 2064 huius
739 2026 831 2065 anni
860 2023 972 2065 suill'e
999 2025 1194 2066 Tribunos.
1260 2026 1430 2066 Proinde

46 2095 142 2124 ante
168 2082 353 2122 Kalendas
384 2079 574 2130 Oc‘tobres,
626 2091 719 2132 quas
757 2081 833 2120 iam
864 2081 1114 2132 probauinms
1142 2081 1431 2134 Magistratibus

46 2141 218 2179 ineundis
236 2137 427 2178 solennes.
485 2139 535 2176 Et
555 2146 685 2177 tamen
707 2149 791 2177 ante
808 2149 952 2176 annum
969 2139 1212 2176 Catonianum
1235 2141 1326 2191 363.
1349 2151 1430 2188 quo

45 2193 220 2235 Kalendis
238 2191 485 2248 Qinfflzlibus
513 2193 613 2231 inire
633 2204 814 2244 coeptum
833 2192 886 2230 est
908 2194 1061 2239 Mediis,
1085 2205 1122 2231 vt
1144 2194 1304 2241 ridetur,
1325 2194 1430 2232 inter

21 2277 26 2280 -
49 2252 225 2292 Oc‘iobres
244 2250 512 2304 Quitzailes'que
532 2251 662 2300 vtique
681 2248 868 2289 Kalendis.
926 2253 1043 2291 More
1070 2245 1210 2288 seilicet
1227 2251 1303 2289 iam
1324 2259 1430 2288 rece·

47 2320 126 2361 pto,
157 2319 194 2346 vt
214 2307 390 2348 Kalendis
409 2306 547 2357 potius,
575 2316 692 2356 quarn
714 2305 852 2352 Idibus,
886 2302 1078 2345 Ciuilibus
1097 2318 1241 2356 nempe
1262 2305 1426 2346 Nouilu-

46 2364 130 2410 niis,
152 2364 291 2415 potius,
319 2374 435 2414 quam
457 2359 684 2408 Pleniluni-ts,
705 2363 884 2401 iniretur.
941 2359 1143 2401 Sextilibus
1165 2373 1271 2414 ergo,
1292 2363 1351 2400 vel
1367 2361 1428 2401 Se-

43 2418 281 2474 ptembribus.
339 2422 424 2471 Ego
456 2418 651 2470 prioribus
676 2419 803 2470 potius
829 2413 983 2456 iniuili'e
1004 2418 1249 2466 crediderim,
1276 2429 1426 2468 nempe

47 2474 258 2517 Sextilibus.
315 2477 351 2515 A
368 2474 491 2513 reditu
512 2475 616 2513 enim
638 2476 856 2527 legatorum
874 2471 1148 2526 Delphicorum,
1178 2475 1303 2525 primo
1333 2485 1426 2524 quo-

47 2542 127 2583 que
156 2541 334 2583 tempore
362 2529 556 2581 expianda
596 2541 678 2569 erat
708 2531 814 2570 labes
845 2529 1095 2580 Reipublicae
1120 2541 1141 2568 e
1172 2532 1264 2567 vitio
1293 2529 1430 2568 creatis

45 2585 348 2640 Magistratibus.
405 2586 540 2637 Missos
561 2595 693 2625 autem
714 2585 780 2626 sub
802 2583 974 2625 Tribunis
997 2584 1235 2625 Militaribus
1259 2587 1352 2624 anni
1359 2585 1427 2637 fic·-

36 2645 203 2699 perioris
237 2640 357 2682 refert
385 2641 522 2681 Liuius.
561 2643 746 2700 ⁸Proinde
766 2651 866 2737 {nte
899 2642 1095 2683 Kalendas
1130 2642 1315 2681 Oc‘iobres.
1371 2642 1424 2680 Vt

47 2710 51 2715 ’
805 2708 827 2736 z
855 2707 881 2739 2
1276 2707 1424 2749 nempe
