1796 3120
287 127 398 183 2648
456 129 648 171 NOTAE
680 129 758 169 AD
788 128 1060 169 CHRONOL.
1091 129 1607 187 GRAECO-ROMANAM

289 233 336 273 de
353 233 473 286 causti,
499 247 541 273 vt
558 233 601 272 de
618 232 722 278 anni,
742 246 817 286 quo
837 232 1105 285 triumphatum
1126 234 1267 285 fuerit,
1281 235 1418 288 forma
1441 235 1525 275 inde
1536 233 1674 286 statue-

290 303 411 330 retur.
439 290 513 330 Sed
528 303 619 343 quos
644 288 807 329 dedimus
825 293 914 329 anni
934 289 1070 329 Iuliani
1088 291 1173 337 dies,
1192 293 1259 344 qui
1274 289 1448 341 menfi'um
1462 292 1673 330 Lunarium

288 346 418 387 diebus
445 346 713 398 responderint,
739 349 795 385 ita
826 346 1056 401 intelligendi
1072 346 1191 395 fient,
1217 346 1261 398 st
1284 347 1403 386 nullae
1421 347 1579 399 fuiffi’nt
1604 358 1673 400 per

287 400 462 453 menstum
481 405 666 441 dierumue
684 402 998 441 intercalationes
1015 402 1247 442 Anomaliae.
1306 404 1366 443 De
1385 403 1440 444 his
1460 407 1564 452 enim,
1581 416 1672 456 quae

288 473 312 499 a
334 457 568 498 Pontificum
585 458 749 497 arbitrio
765 456 980 510 pendebant,
1012 472 1142 498 norma
1163 460 1266 500 nulla
1287 470 1390 499 certa
1404 459 1524 510 statui
1546 458 1672 512 potest.

289 515 378 554 Nos
402 528 535 563 autem,
556 515 650 567 quid
667 516 709 554 de
729 516 802 555 illis
819 514 1039 567 statuamus,
1067 515 1166 569 Diff
1182 519 1225 557 X.
1244 515 1285 555 de
1306 515 1433 566 Cyclis
1449 516 1674 567 sententiam

285 569 447 623 nostram
469 572 719 625 explicuimus.
731 600 750 618 ‚‚

401 638 494 681 507.
525 629 722 683 Tarquinii
741 625 896 679 Superbi
925 641 1016 668 ann.
1036 623 1171 677 Exstlii
1187 631 1216 668 Ι.
1247 629 1391 668 Aetatis
1412 629 1582 668 LXXVI.
1605 627 1674 667 Re-

289 682 480 739 gifiaegium
496 688 582 725 VII.
603 686 690 724 Kal.
709 685 892 725 Martias.
948 684 1132 736 Intelligo
1152 684 1202 723 de
1222 685 1289 731 die,
1312 697 1390 734 quo
1411 683 1588 736 Exsilium
1607 683 1672 722 de-

289 751 440 779 cretum
461 740 573 780 estin
596 741 772 781 comitiis
796 741 998 794 Tarquinio
1017 739 1188 793 Superbo,
1217 739 1379 790 eiusque
1391 737 1497 791 filiis.
1558 740 1673 778 Men-

288 791 454 847 semque
482 798 678 840 Martium
704 810 775 848 pro
803 797 918 838 huius
948 794 1065 835 seculi
1087 796 1269 836 Ianuario
1286 795 1439 842 habeo,
1459 794 1554 834 anni
1572 795 1672 834 illius

285 855 489 906 principio,
536 854 643 893 cuius
682 851 823 892 menfis
849 852 997 893 vltimus
1027 863 1108 892 erat
1132 853 1370 893 Februarius.
1427 851 1674 891 Februarium

286 909 408 956 enim,
438 908 494 959 (vt
513 909 596 962 post
611 910 852 949 Decemuiros
872 909 1055 955 Martius,
1075 910 1153 965 ita)
1180 920 1295 949 antea
1313 909 1522 956 Ianuarius,
1547 907 1672 959 proxi-

284 978 353 1004 me
372 967 537 1019 excepit,
557 977 597 1004 vt
619 965 731 1004 fitum
750 965 899 1005 Martii
915 968 1133 1007 recentioris
1151 976 1245 1004 tune
1268 966 1443 1004 tenuerit
1464 966 1670 1004 Ianuarius.

286 1023 399 1062 Haec
417 1024 541 1073 probo
573 1020 667 1062 Diss.
686 1025 729 1063 X.
753 1023 803 1061 de
825 1022 921 1072 cycl.
952 1029 1223 1076 n.93.98.99.
1264 1023 1404 1071 Itaque
1425 1020 1671 1059 tantumdem

286 1077 440 1118 valebat
475 1089 560 1117 tum
583 1081 667 1119 VII.
687 1078 773 1119 Kal.
795 1078 944 1118 Ianuar.
965 1078 1222 1130 quodpostea
1240 1079 1323 1120 VII.
1335 1077 1420 1117 Kal.
1433 1078 1557 1126 Mart.
1587 1079 1673 1116 Hoc

284 1133 534 1189 Regifugium
554 1145 647 1182 erat,
679 1134 786 1185 quod
803 1132 1069 1175 Terminalibus
1086 1135 1309 1185 proximum
1326 1142 1419 1172 erat.
1453 1133 1562 1172 Noui
1580 1129 1672 1171 scili-

286 1201 349 1229 cet
378 1192 472 1230 anni
496 1193 656 1238 initium,
677 1201 716 1229 vt
729 1188 961 1245 superiorem
979 1203 1114 1231 annum
1141 1190 1406 1230 terminabant
1432 1187 1670 1234 Terminalia,

284 1245 329 1285 in
348 1257 584 1298 perpetuam
603 1247 717 1286 huius
737 1249 853 1301 erfilii
873 1247 1111 1286 memoriam.
1169 1250 1290 1288 Anno
1312 1245 1422 1296 Cycli
1445 1248 1571 1287 1.V11.
1581 1244 1670 1284 Kal.

282 1302 385 1341 illius
406 1302 591 1349 Ianuarii,
618 1302 699 1342 flue
714 1303 871 1352 Martii,
904 1304 946 1343 in
968 1304 1072 1344 diem
1089 1302 1315 1344 incurrebat
1326 1301 1517 1341 Februarii
1535 1301 1671 1341 Iuliani

283 1360 423 1400 XXIII.
456 1363 514 1400 Ita
534 1360 694 1410 quidem
714 1374 784 1412 pro
806 1359 1010 1415 Regifitgio
1033 1358 1219 1410 Epochae
1239 1360 1506 1398 Varronianae.
1561 1360 1672 1397 Haec

284 1426 418 1455 autem
443 1414 616 1468 Dionysii
642 1417 802 1468 Epocha
828 1419 1039 1462 Catoniana
1060 1414 1219 1455 biennio
1238 1415 1367 1469 serior
1395 1413 1460 1454 est.
1518 1414 1670 1454 Primus

287 1483 385 1524 ergo
407 1471 508 1511 illius
527 1486 653 1511 annus
671 1472 836 1513 biennio
847 1472 979 1526 firior
998 1470 1065 1512 est.
1122 1471 1294 1512 Proinde
1313 1471 1407 1510 anni
1429 1471 1572 1521 Cyclici
1596 1481 1669 1509 ter·

286 1528 330 1567 tii
351 1527 433 1567 fine
458 1541 653 1579 quaerere
679 1540 838 1580 oportet
854 1530 954 1569 illius
972 1527 1228 1584 Regifugium.
1284 1527 1341 1566 lbi
1359 1536 1492 1567 autem
1512 1523 1666 1577 respon-

284 1584 355 1624 det
375 1584 479 1624 Febr.
503 1586 574 1624 Iul.
603 1584 682 1624 diei
700 1587 806 1626 XIV.
855 1588 942 1626 Hoc
969 1598 1065 1638 ergo
1084 1584 1143 1622 dle
1163 1581 1344 1624 exsularit
1364 1583 1597 1635 Tarquinius,
1627 1591 1668 1622 et

284 1641 401 1693 primi
430 1640 620 1693 defignati
647 1640 853 1682 Consules.
909 1644 995 1682 Hoc
1021 1650 1128 1682 certe
1149 1653 1253 1679 anno
1274 1638 1430 1685 Iuliano,
1450 1652 1520 1689 pro
1544 1638 1667 1689 hypo·

285 1696 454 1737 thesibus
469 1697 702 1737 Catonianis.
735 1697 981 1751 Suffragatur
993 1697 1034 1736 in
1056 1695 1118 1735 die
1137 1694 1277 1737 menfis
1294 1698 1429 1735 veteris
1443 1693 1666 1747 Onuphrius.

397 1765 416 1796 1
438 1754 605 1793 Ianuarii
628 1753 900 1806 Magistratum
930 1753 1082 1793 inibant
1113 1751 1227 1803 primi
1256 1750 1458 1798 Consules,
1486 1751 1553 1801 qui
1582 1759 1666 1789 erat

282 1810 429 1851 Martii
453 1809 591 1850 Iuliani
610 1811 639 1849 Ι.
664 1824 736 1862 pro
763 1810 898 1850 nostris
918 1808 1218 1862 Cycli'Romani
1239 1808 1400 1848 Lunaris
1433 1805 1665 1863 vetustiffim}

283 1865 445 1914 Tabulis,
477 1876 516 1906 et
543 1879 613 1918 pro
639 1867 800 1918 Epocha
828 1867 1078 1909 Varroniana.
1141 1865 1289 1905 Primus
1313 1874 1446 1903 autem
1481 1862 1664 1916 Epochae

283 1924 515 1965 Catonianae
525 1922 631 1961 idem
648 1936 772 1963 annus
791 1923 844 1963 est
858 1923 958 1974 cycli
975 1926 1041 1966 IV.
1057 1935 1135 1974 quo
1154 1922 1195 1961 in
1206 1921 1348 1963 Martii
1357 1920 1496 1961 Iuliani
1516 1919 1619 1960 diem
1637 1930 1665 1961 2

284 1979 421 2019 incidit
447 1980 528 2018 dies
546 1981 682 2018 veteris
700 1978 874 2020 Ianuarii
899 1983 926 2019 Ι.

269 2067 272 2068 ⁷
395 2038 538 2076 XXIV.
568 2035 692 2083 Maii,
723 2038 776 2076 IX
796 2038 885 2078 Kal.
909 2036 990 2077 Iun.
1018 2034 1120 2075 male
1149 2032 1318 2084 habetur
1349 2045 1419 2085 pro
1447 2030 1661 2086 Regifugio.

284 2088 318 2131 E
338 2093 428 2131 Vet.
449 2091 675 2131 Kalendario
698 2091 978 2133 hallucinatum
997 2091 1051 2132 de
1067 2104 1115 2130 eo
1136 2090 1307 2129 Ouidium
1328 2086 1551 2127 obseruauit
1563 2088 1661 2124 Onu-

280 2146 423 2200 phrius.
479 2148 591 2188 Idem
610 2147 759 2200 Festum,
788 2149 839 2189 de
858 2162 936 2200 quo
953 2148 1008 2187 ita
1032 2146 1309 2187 ⁹Macrobius:
1347 2143 1532 2183 Nonnulli
1551 2154 1663 2194 puta-

284 2216 434 2244 verunt,
454 2204 600 2243 Iunium
617 2204 766 2255 mensim
784 2220 805 2245 a
829 2206 936 2245 Iunio
954 2204 1090 2249 Bruto,
1121 2206 1186 2256 qui
1212 2205 1355 2254 primus
1371 2199 1507 2238 Romae
1528 2196 1667 2250 Consul

272 2260 402 2312 fitius
420 2259 478 2310 est,
496 2262 748 2300 nominatum.-
776 2262 877 2315 quod
892 2261 957 2302 hoc
982 2261 1106 2312 meust,
1128 2260 1169 2298 id
1186 2257 1240 2309 est,
1259 2257 1432 2296 Kalendts
1443 2257 1560 2294 Iuniis
1579 2255 1663 2308 [de-

286 2314 342 2354 est
360 2317 629 2359 Kalendarum
645 2330 818 2358 numerus
837 2330 859 2356 e
880 2316 1077 2369 praedicto
1097 2314 1217 2354 veteri
1237 2313 1462 2352 Kalendario
1483 2310 1664 2362 supplen-

285 2371 377 2425 dus]
393 2371 506 2423 pulo
535 2373 736 2426 Tarquinio
754 2372 904 2426 fizcrum
924 2375 1066 2413 Carnae
1081 2371 1184 2410 Deae
1209 2372 1248 2408 in
1274 2370 1397 2409 Coelio
1431 2381 1555 2407 monte
1579 2368 1663 2406 voti

285 2439 369 2467 reus
386 2427 539 2479 ficerit.
612 2431 721 2469 Hanc
751 2429 872 2468 Deam
914 2427 1087 2468 vitalibus
1111 2428 1279 2468 humanis
1314 2425 1467 2478 praeeffe
1496 2424 1660 2462 credunt.

286 2481 348 2522 Ab
367 2498 407 2522 ea
424 2484 582 2538 denique
594 2487 744 2536 petitur,
764 2498 808 2523 vt
826 2487 988 2525 iecinora
1007 2497 1041 2523 et
1057 2484 1180 2534 corda,
1198 2496 1360 2536 quaeqae
1378 2480 1473 2531 fimt
1491 2479 1661 2529 intrinsi-

287 2552 349 2580 cus
365 2539 514 2590 viscera,
523 2540 634 2591 fitlua
653 2540 848 2592 conseruet.
873 2540 926 2581 Et
947 2543 1032 2594 quia
1051 2541 1171 2580 cordis
1189 2538 1369 2591 beneficio,
1389 2539 1488 2576 cufus
1507 2534 1660 2590 diffimu-

267 2594 423 2637 -latione
441 2597 582 2636 Brutus
600 2596 806 2639 habebatur
823 2597 974 2640 idoneus
991 2597 1237 2639 emendationi
1249 2594 1388 2652 publici
1406 2593 1540 2646 status,
1556 2591 1662 2655 exsti-

1544 2682 1548 2686 .
1602 2659 1662 2695 tlt,

423 2734 445 2768 9
469 2724 617 2761 Macrob.
636 2725 708 2760 Cat.
726 2726 753 2765 1,
764 2734 817 2762 υ..
