1796 3120
138 78 241 118 PRO
272 77 678 117 HYPOTHESIBVS
717 77 957 117 DIONYSII
986 77 1277 118 HALICARM
1331 81 1443 134 2667

62 188 204 230 ηεμένη
223 187 401 221 Κυϊντιλίων
418 184 518 218 νωνῶν
539 180 658 227 inique.
717 183 807 220 Non
828 178 1028 232 discrepat,
1059 190 1099 219 vt
1121 181 1263 233 opinor
1279 211 1288 229 ,
1322 198 1343 224 a
1363 196 1444 223 ver—

63 239 120 278 bis
140 237 318 290 proxime
344 237 686 288 praecedentibus,
708 234 772 276 sed
782 238 957 289 formam
977 237 1185 278 Romanam
1204 238 1342 278 Graece
1359 240 1442 279 imi-

64 305 164 334 tatus
191 292 267 338 est3
299 306 384 332 ante
410 293 506 332 diem
532 293 666 333 Nonas
693 293 916 348 Qinc‘iiles,
944 305 1032 332 cum
1062 294 1198 333 Nonas
1222 292 1320 346 ipsas
1348 295 1442 334 defi-

62 362 187 402 gnare
208 349 365 388 vellent.
423 349 563 387 Incidit
593 349 675 388 dies
705 350 909 403 Quinft‘ilis
936 350 1068 388 veteris
1092 353 1174 391 VII.
1199 364 1305 392 anno
1335 352 1443 403 Cyeli

60 408 196 445 veteris
214 407 259 444 II.
282 407 323 443 in
342 404 448 444 diem
467 403 622 460 Augusti
639 404 775 444 Iuliani
796 407 861 444 IV.
884 417 962 454 quo
991 405 1090 444 adeo
1109 406 1174 444 die
1190 406 1330 446 aedem
1352 421 1442 446 con·

61 459 217 501 sectarit
236 462 319 500 Cos.
336 461 542 515 Virginius.
597 461 696 500 Inde
715 461 984 512 intelligimus,
1005 459 1088 511 post
1114 462 1224 500 illurn
1242 461 1445 515 Qinc‘i‘ilis

61 517 167 556 diem
191 531 307 556 nouos
325 514 479 555 iniuifl'e
499 517 586 571 Coffi
644 517 749 555 Hinc
782 517 900 556 etiam
919 515 1106 555 stabilitur
1127 517 1254 557 nostra
1278 518 1327 557 de
1347 520 1442 560 Pace

63 574 258 614 Coriolani
277 572 558 624 Chronologia,
586 584 700 622 quae,
734 572 777 609 ni
804 573 911 610 refte
939 570 980 610 se
1006 571 1180 620 haberet,
1210 587 1291 612 non
1310 578 1440 625 potuit

61 629 175 668 huius
193 629 296 668 aedis
319 626 555 682 consecratio
580 629 621 678 ihu
637 626 870 681 Confhlatum
889 627 1066 666 incidere
1088 629 1267 684 Virginii.
1328 634 1442 672 Prae-

61 683 251 724 cefferant
271 685 376 723 enim
396 683 514 722 verba
539 684 622 722 illa:
651 687 786 728 ἐνιαυτῷ
803 684 841 722 δὲ
863 683 972 730 ῧςερσν
993 683 1096 730 ἑτέρῳ
1114 685 1205 730 itero?
1224 685 1287 729 *niv
1304 687 1440 734 πρό-την

58 744 177 779 θυσίαν
207 741 226 780 ἇ
256 743 537 782 κατασκευασθεὶς
562 745 596 777 ἐκ
621 742 686 777 τῶν
711 742 886 784 δημοτικῶν
912 745 1091 786 χρημάτων
1119 741 1195 784 mic
1225 749 1439 790 συνετελέσθη

59 814 98 835 τε
121 796 174 839 κοιλ
190 794 390 843 καθιερώθη,
422 794 486 835 Est
505 797 612 834 enim
633 795 695 834 hic
711 795 912 849 Quint‘iilis
924 795 1028 841 anni,
1048 797 1114 847 qui
1127 802 1301 849 proxime
1308 800 1440 854 fique-

59 852 181 899 batur,
208 852 378 904 pr1mum
404 850 635 903 Sacrificium
662 853 704 890 in
737 867 800 892 ara
836 851 1056 903 perandum,
1076 853 1252 903 praeside
1279 857 1439 905 Valeria,

60 909 242 948 nondum
271 908 370 948 aede
395 906 474 959 ipsa
501 908 549 947 ad
578 910 720 948 exitum
745 908 953 959 perdu&a,
987 920 1060 946 nec
1077 910 1191 949 Deae
1206 913 1364 966 imagine
1382 917 1439 952 in-

60 964 210 1003 strueta.
282 966 388 1003 Tum
416 962 634 1014 sequuntur
664 963 876 1003 discordiae
910 979 932 1002 a
957 963 1018 1017 Sp.
1043 963 1158 1018 Caffio
1190 969 1439 1018 tyrannidem

61 1021 262 1061 ambiente
283 1021 510 1059 concitatae.
569 1022 624 1060 Ea
651 1018 850 1059 occasione
879 1022 1110 1060 Orationem
1139 1021 1260 1061 habet
1276 1026 1322 1063 A.
1343 1025 1439 1065 Sem·

53 1079 212 1129 pronius
229 1077 440 1123 Atratinus,
463 1088 538 1128 qua
558 1089 640 1114 rem
659 1075 708 1115 ad
729 1073 822 1130 Coss
827 1075 990 1127 futuros
1007 1076 1270 1118 differendam
1289 1078 1436 1121 suadet.

59 1135 143 1173 Hac
163 1132 348 1171 nimirum
365 1132 539 1171 ratione:
571 1132 681 1175 ἐπειδῆ
699 1132 834 1178 βςκχύς
852 1131 870 1171 ἆ
886 1130 1076 1178 λειπᾶμενᾶς
1094 1139 1141 1176 ἐςι
1157 1136 1220 1178 τῆς
1237 1141 1348 1182 ἀρχῆς
1368 1144 1438 1182 τοῖς

61 1188 199 1231 §nav-01:
216 1187 350 1235 χρόνος.
380 1187 542 1239 Dionys:
559 1190 661 1230 VHI.
680 1201 717 1239 p.
731 1200 824 1240 521.
853 1189 951 1230 Satis
969 1190 1186 1238 commode,
1216 1190 1242 1229 fi
1261 1189 1437 1234 Kalendis

58 1244 220 1289 inierint
241 1243 519 1298 Septembribus.

170 1307 262 1354 483.
295 1301 422 1340 Huius
442 1298 674 1340 Consulatus
682 1297 810 1351 ficum,
836 1314 908 1352 pro
929 1311 1065 1340 mente
1084 1301 1278 1353 Dionyst'i‚
1311 1303 1438 1347 firmat

60 1370 188 1396 annus
211 1356 456 1410 Olympiadis,
487 1366 527 1394 et
555 1356 662 1406 quod
686 1359 885 1409 proximus
913 1357 1033 1396 fuerit
1062 1359 1146 1409 post
1179 1358 1437 1402 Consulatum

58 1412 183 1464 Spurii
206 1411 324 1467 Caffii.
359 1415 501 1452 Firmat
522 1413 638 1452 etiam
659 1411 902 1460 cos.Fab1·us‚
923 1413 1067 1463 primus
1087 1415 1213 1465 trium,
1237 1429 1332 1467 quos
1355 1432 1437 1458 con-

56 1472 180 1511 tinuos
197 1467 370 1522 agnoscit
393 1470 528 1508 Liuiu5.
587 1468 701 1507 Redit
725 1470 805 1509 Cos.
826 1473 1045 1512 τελευτῶντος
1073 1468 1130 1514 ἥδη
1148 1474 1194 1511 τὲ
1216 1470 1304 1516 ἐ’τκς.
1369 1475 1435 1514 Se.

57 1526 222 1577 quitur:
265 1530 437 1565 ἐπιςὰντων
472 1527 509 1562 δὲ
541 1528 604 1562 τῶν
639 1530 868 1572 ἀρχαιρεσίων.
933 1525 1065 1566 Breuis
1095 1539 1191 1580 ergo
1215 1541 1323 1569 mora
1352 1542 1436 1570 erat

58 1583 164 1622 inter
185 1579 379 1635 defignatio
387 1595 463 1620 nem
470 1579 796 1634 fitcceffionemque
814 1581 1017 1632 Confidam.

168 1644 262 1691 482.
294 1638 420 1678 Huius
436 1638 529 1676 item
548 1639 668 1677 locum
686 1638 844 1677 adstruit
863 1652 986 1677 annus
1000 1638 1043 1676 V.
1056 1638 1097 1678 C.
1116 1650 1207 1692 270,
1230 1654 1300 1692 pro
1321 1655 1432 1683 more

59 1705 349 1744 nonnunquam
382 1692 553 1746 Dionysti
585 1695 627 1733 in
654 1695 848 1741 decenniis,
879 1705 919 1733 et
944 1698 1196 1736 continuorum
1231 1696 1435 1740 Fabiorum

56 1747 260 1790 secundus.

167 1813 262 1859 481.
293 1804 494 1845 Fabiorum
516 1807 778 1845 continuorum
801 1804 1350 1857 Consulatustertius.Liu.H.
1368 1824 1433 1864 42.

57 1862 255 1901 Proelium
274 1866 303 1898 ἐν
321 1869 430 1909 πνίγει
454 1861 520 1909 ὥρᾳ
542 1859 629 1905 ’έν-ες.
664 1862 828 1916 Dionys
840 1865 937 1902 Vlu.
958 1878 1049 1917 5¹32.
1104 1867 1243 1915 Itaque
1263 1866 1346 1917 post
1366 1870 1434 1906 Ae-

46 1917 185 1972 statem
203 1918 371 1958 Comitia
396 1917 629 1966 Conficlaria.
667 1919 774 1957 Iunio
795 1930 901 1957 certe
913 1921 1214 1974 Parapegmatico
1238 1924 1433 1963 etluliano

58 1987 233 2020 exeunte,
265 1974 327 2012 vel
345 1975 463 2014 etiam
482 1975 647 2012 ineunte
665 1974 772 2013 Iulio.
841 1977 927 2014 Hoc
955 1991 1059 2015 anno
1083 1976 1184 2026 Cycli
1205 1979 1342 2017 veteris
1367 1982 1431 2019 VI.

58 2030 147 2080 (qui
166 2043 252 2068 cum
270 2043 374 2069 anno
402 2031 633 2069 Varroniano
660 2030 853 2069 concurrit
873 2036 972 2086 273)
1002 2032 1153 2072 vltimus
1174 2033 1279 2072 Iunii
1298 2035 1436 2076 Iuliani

58 2085 140 2125 dies
158 2085 262 2124 idem
285 2096 367 2125 erat
388 2087 484 2125 Iunii
502 2090 632 2125 veteris
652 2089 714 2125 IX.
771 2087 1028 2135 Crediderim,
1044 2090 1199 2129 Comitia
1213 2090 1436 2140 Confitlaria

57 2141 188 2181 Idibus
209 2139 321 2180 fuiffe
341 2143 475 2183 Iuniis.
533 2140 667 2181 Postea
685 2142 892 2192 aliquoties
908 2142 1170 2192 imm-celsum,
1194 2159 1247 2184 ne
1271 2150 1434 2188 c0m1tia

55 2198 273 2246 Confidaria
303 2197 560 2246 haberentur,
591 2209 667 2237 tam
688 2213 708 2237 a
727 2198 911 2245 Tribunis,
942 2212 1058 2250 quam
1077 2202 1194 2240 etiam
1222 2218 1244 2242 a
1272 2203 1436 2257 Confidi-

57 2251 134 2297 bus,
170 2251 249 2292 sese
278 2265 416 2293 mutuo
445 2255 766 2306 impedientibus.
824 2256 1008 2294 Tandem
1042 2258 1216 2307 proditus
1249 2262 1429 2299 luten-ex

55 2309 173 2349 Aulus
193 2308 428 2362 Sempronius
445 2314 660 2351 Atratinus.
718 2311 838 2350 Addit
852 2311 1073 2362 Dionyfius:
1103 2319 1141 2350 αἱ
1163 2318 1198 2353 δέ
1219 2313 1316 2356 ἅμα,
1334 2334 1432 2355 κατε-

54 2363 206 2407 λύθησαν
237 2365 351 2410 ἀρχή.
383 2369 486 2407 VliI.
516 2379 607 2420 534.
674 2367 818 2414 Innuit,
852 2368 891 2404 ni
924 2367 1053 2415 fallor,
1087 2368 1277 2410 abdicatos
1303 2371 1430 2416 fuisse,

55 2434 142 2461 ante
173 2431 325 2471 tempus
352 2422 583 2474 legitimum,
611 2437 749 2462 annuos
768 2422 1026 2478 Magistratus.
1083 2428 1168 2464 Hoc
1200 2440 1295 2477 ergo
1325 2442 1430 2466 anno

52 2490 189 2517 nouum
208 2477 380 2528 coeperit
397 2478 692 2531 magistratuum
712 2493 916 2518 annuorum
946 2480 1162 2520 exordium.
1223 2485 1305 2521 Nec
1325 2485 1436 2523 euim

56 2533 178 2577 aliter,
201 2530 269 2569 nisi
292 2544 449 2572 vacante
470 2533 662 2575 Potestate
683 2536 810 2589 Regia,
847 2536 1081 2588 quae‚pulfis
1091 2538 1263 2592 Regibus,
1284 2551 1365 2576 erat
1386 2542 1429 2579 in

58 2586 294 2642 cordialibus,
338 2589 466 2630 locum
495 2590 694 2632 habebant
719 2594 942 2647 Interreges.
980 2628 983 2630 .
1007 2594 1160 2633 Tenuit
1191 2594 1253 2633 hic
1282 2595 1429 2644 primus

1245 2649 1427 2697 Inrerrm,

1352 2741 1371 2752 x
