1796 3120
309 113 422 166 2614
474 113 666 154 NOTAE
701 113 778 154 AD
808 113 1077 155 CHRONOL.
1110 114 1628 157 GRAECO-ROMANAM

309 216 399 263 μεταὲ
416 214 478 265 nh
495 224 598 255 κτίσιν
616 220 682 258 IV.
703 228 852 269 raptum
872 214 988 256 fuiffe
1006 216 1145 257 statuit.
1204 222 1241 259 Is
1255 221 1380 260 Pic‘ior
1398 231 1488 268 erat,
1502 220 1542 259 ni
1563 220 1687 268 fallor,

311 272 524 314 Historicus
543 275 793 314 Romanorum
813 273 1108 323 antiquiffimus.
1163 275 1374 316 Caeterum
1396 279 1542 316 ratione
1559 275 1689 317 fortas-

309 326 354 368 se
376 343 457 368 11011
485 331 566 376 alia,
596 343 713 381 quam
742 329 849 381 quod
879 329 1072 380 Consualia
1098 329 1235 369 mense
1263 346 1285 370 a
1307 333 1485 372 Palilibus
1518 336 1582 372 XI.
1602 334 1686 373 Kal.

309 384 445 426 Maias
461 388 528 424 IV.
549 386 798 439 contigerint,
827 398 973 437 nempe
1000 386 1168 442 Augusti,
1196 385 1262 425 seu
1283 389 1430 429 Sextilis
1464 390 1527 428 die
1547 392 1690 429 XVIII.
1758 396 1760 398 ’

311 441 456 480 eodem
484 441 581 480 teste
607 441 821 482 Plutarcho.
879 441 959 482 Sed
985 443 1137 483 alterius
1162 445 1252 482 anni
1285 444 1487 495 probabile
1505 445 1559 484 est
1578 442 1691 485 fuisse
1707 481 1725 494 ἶ,

308 496 521 548 Consualia,
554 498 696 548 quibus
722 509 855 550 raptae
887 498 1162 539 suntSabinae.
1217 498 1407 550 Eufi’bius,
1429 501 1490 538 vel
1506 502 1632 553 potius
1649 501 1689 545 iu

311 552 536 594 Eusebiano
568 554 765 595 Chronico
792 555 1056 604 Hieronymus,
1086 557 1200 595 tertio
1224 555 1311 608 post
1336 556 1469 595 vrbem
1495 558 1690 598 conditam

308 623 411 649 amia
442 622 591 662 raptum
621 610 794 663 affignat.
853 613 944 650 Non
965 612 1072 652 edito
1102 622 1244 658 tamen,
1267 613 1318 650 vti
1336 612 1551 663 oportebat,
1571 625 1690 665 vtque

309 665 405 706 fecit
426 666 639 720 DionJfius,
661 666 838 707 Auctoris
858 672 1012 707 nomine.
1036 668 1179 708 Adhuc
1199 668 1238 706 in
1258 668 1352 707 viuis
1369 668 1563 709 Numitor.
1575 684 1610 721 p.
1623 672 1690 724 96.

310 722 414 762 Fieri
434 722 572 773 potest,
606 733 644 762 vt
664 734 875 773 vtrumque
902 723 1026 763 fuerit
1051 725 1296 774 aliquatenus
1315 737 1462 763 verum.
1521 728 1573 765 Vt
1602 723 1691 765 scili·

309 788 374 818 cet
394 777 511 817 huius
531 781 625 820 anni
648 780 739 820 Vere
758 782 908 819 ineunte
934 779 1132 819 confilium
1154 791 1309 832 captum
1330 781 1452 821 fuerit
1481 780 1532 819 de
1550 782 1690 833 infi'diis

302 833 349 873 in
368 833 520 876 Sabinas
539 836 587 875 ad
610 834 813 886 sequentia
832 835 1027 888 Consualia
1049 837 1233 876 venturis.
1291 837 1406 886 Quae
1425 836 1585 887 quidem
1598 836 1692 878 co'n-

290 889 423 942 sualia
444 893 512 931 IV.
538 891 687 931 fuerint
706 893 753 933 ab
777 893 875 932 Vrbe
892 894 1043 935 condita
1062 893 1166 932 anni.
1225 893 1315 942 Qua
1333 904 1479 944 nempe
1498 907 1692 934 annorum

306 947 353 990 V.
366 948 407 988 C.
437 947 545 987 initia
573 947 784 988 censentur
802 965 824 990 a
842 949 1041 997 Palilibus,
1073 962 1176 1000 quae
1196 948 1418 989 infidiarum
1443 947 1586 1000 corfilio
1607 948 1691 989 fue-

307 1014 388 1043 rmt
406 1017 623 1044 recentiora.

420 1071 518 1113 747.
554 1060 702 1101 Romuli
721 1062 849 1113 Regni
875 1062 925 1101 V.
951 1062 1085 1101 XXIII.
1119 1062 1248 1101 Aetat.
1273 1061 1468 1110 inchoato,
1496 1067 1543 1114 ςῐς
1575 1068 1689 1111 νέωτα,

308 1115 440 1168 inquit
472 1116 675 1169 Dionysius
702 1131 739 1168 p.
756 1129 845 1160 101.
873 1119 1052 1168 proximo
1081 1117 1267 1157 nimirum
1289 1117 1372 1170 post
1396 1129 1546 1170 raptum
1573 1131 1691 1166 anno,

308 1170 400 1212 Belli
424 1172 465 1210 in
485 1172 672 1213 Romanos
693 1171 929 1222 Sabinorum,
953 1173 1054 1212 duce
1063 1173 1182 1220 Tatio,
1203 1187 1328 1214 annus
1347 1172 1501 1221 Ι.”εαρος
1519 1171 1691 1220 aiamim.

307 1228 359 1267 ib.
398 1226 552 1268 Desinit
571 1228 645 1268 hoc
662 1243 764 1269 anno
783 1243 908 1270 annus
927 1228 1017 1270 13th
1041 1233 1066 1270 1.
1087 1232 1185 1286 Aug.
1197 1233 1338 1270 XVIII.
1375 1228 1400 1267 fi
1421 1231 1580 1282 quidem
1599 1229 1695 1272 Belli·

306 1284 466 1323 initium
494 1286 542 1324 ab
576 1283 663 1336 ipfis
696 1296 906 1340 repetatur
936 1285 1193 1338 Consualibus,
1232 1287 1372 1338 quibus
1399 1288 1450 1328 vis
1479 1285 1625 1328 Sabinis
1651 1287 1693 1326 il-

302 1341 387 1380 lata'
401 1339 467 1380 est.
609 1349 611 1352 ·

418 1400 514 1451 746.
547 1397 695 1438 Romuli
723 1412 814 1439 ann.
827 1401 897 1438 VI.
920 1400 1059 1452 Regni,
1090 1400 1230 1440 XXIV.
1250 1400 1373 1441 Aetas.
1395 1399 1563 1440 inchoat.
1600 1398 1695 1440 Relu·

305 1467 395 1494 eum
414 1452 558 1493 Sabinis
579 1457 624 1494 II.
644 1468 713 1505 pro
731 1467 868 1494 mente
886 1453 1072 1507 Dionyst‘i.

417 1522 513 1563 745.
544 1510 697 1550 Romuli
714 1524 804 1550 ann.
823 1514 909 1550 VII.
939 1512 1078 1564 Regni,
1099 1512 1216 1551 XXV.
1251 1513 1375 1552 Aetat.
1402 1511 1570 1552 inchoat.
1598 1510 1693 1552 Belli

304 1579 395 1607 eum
414 1566 561 1606 Sabinis
579 1569 648 1606 m.
671 1567 753 1605 exit
770 1565 857 1618 ipsis
876 1567 1129 1618 Consualibus.
1183 1567 1319 1608 Postea
1341 1570 1426 1608 Pax
1444 1567 1518 1607 hoc
1535 1569 1689 1614 eodem,

305 1634 348 1663 vt
367 1623 529 1667 videtur,
552 1636 667 1670 anno,
688 1632 729 1660 et
746 1623 903 1663 initium
921 1625 1049 1678 Regni
1073 1623 1254 1672 Romani,
1283 1624 1392 1675 quod
1411 1622 1549 1664 habuit
1563 1624 1694 1664 Tatius

307 1694 397 1720 cum
421 1679 577 1720 Romulo
595 1691 817 1719 commune.

419 1748 514 1788 744.
544 1734 694 1775 Romuli
712 1749 803 1776 ann.
823 1737 926 1775 VIII.
947 1735 1085 1789 Regni,
1103 1738 1246 1777 XXVI.
1266 1737 1389 1776 Anac.
1414 1746 1455 1776 et
1480 1737 1583 1778 Tatii
1600 1749 1690 1776 ann.
1717 1745 1720 1748 ⁴

306 1793 354 1833 11.
378 1791 560 1830 inchoati.

419 1860 516 1900 743.
542 1847 691 1888 Romuli
719 1861 811 1888 ann.
837 1850 902 1888 IX.
923 1848 1061 1903 Regni,
1086 1850 1247 1889 XXVII.
1268 1849 1391 1889 Aetat.
1411 1858 1452 1888 et
1475 1849 1581 1889 Tatii
1599 1861 1690 1889 ann.

306 1905 381 1944 III.
400 1903 583 1944 inchoati.

420 1971 514 2014 742.
542 1959 688 2001 Romuli
713 1974 804 2000 ann.
823 1963 867 2002 Χ.
887 1960 1025 2015 Regni,
1051 1964 1231 2003 XXVIII.
1262 1963 1387 2002 Anat.
1406 1971 1447 2000 et
1478 1956 1582 2001 Tatii
1599 1974 1690 2001 ann.

305 2018 374 2056 IV.
396 2017 580 2056 inchoati.

419 2084 514 2127 741.
544 2071 694 2113 Romuli
709 2086 798 2113 ann.
818 2074 881 2114 XI.
904 2073 1042 2128 Regni,
1063 2075 1201 2114 XXIX.
1222 2074 1348 2113 Aemi.
1366 2083 1408 2113 et
1423 2073 1524 2113 Tatii
1543 2073 1693 2113 ann.V.

308 2128 495 2170 inchoati.

419 2196 513 2238 740.
544 2185 693 2226 Romuli
711 2198 801 2226 ann.
817 2185 903 2224 XII.
924 2184 1062 2237 Regni,
1078 2186 1193 2224 XXX.
1205 2187 1328 2226 Aetat.
1347 2194 1388 2224 et
1405 2185 1506 2224 Tatii
1524 2198 1614 2223 ann.
1626 2187 1691 2224 VI.

310 2241 496 2282 inchoati.
556 2245 641 2282 Hoc
661 2255 765 2281 anno
790 2240 909 2291 caifits
927 2240 1068 2287 Tatius,
1090 2254 1160 2291 pro
1181 2241 1392 2279 rationibus
1410 2240 1596 2291 Dionysii,
1616 2247 1692 2288 τρία

305 2297 370 2345 μὲν
391 2296 448 2340 ἔτη
471 2296 661 2344 πολεμῆσας
692 2298 857 2351 (inquit)
886 2295 1050 2346 Ῥωμύλῳ,
1067 2303 1163 2334 πέντε
1183 2295 1219 2333 δὲ
1237 2295 1408 2342 συνάρξας.
1438 2311 1474 2348 Ρ.
1493 2308 1580 2339 112.

423 2364 518 2409 739.
548 2349 699 2394 Romuli
728 2366 819 2392 ann.
840 2355 940 2393 XIII.
972 2353 1111 2403 Regin,
1143 2354 1280 2391 XXXI.
1316 2356 1440 2392 Aetas.
1473 2351 1690 2393 inchoatus.

315 2412 402 2450 Hoc
421 2423 537 2457 anno,
560 2422 596 2449 vt
615 2411 779 2457 videtur,
806 2419 1046 2448 commeatus
1065 2407 1220 2447 Romam
1241 2424 1261 2448 a
1285 2407 1531 2460 Crustuminis
1550 2405 1692 2457 missus,

314 2477 398 2505 tum
408 2464 517 2518 fhme
536 2467 798 2511 laborantem,'
813 2481 834 2505 a
852 2461 1087 2504 Fidenatibus
1105 2462 1360 2514 interceptus.

426 2530 521 2576 738.
551 2520 700 2561 Romuli
726 2533 815 2559 ann.
835 2523 938 2560 XIV.
966 2518 1111 2571 Regni,
1139 2521 1294 2560 XXXII.
1323 2522 1449 2560 Aetas.
1477 2520 1691 2560 inchoatus.

313 2581 403 2620 Hoc
423 2592 528 2619 anno
550 2576 759 2630 Expeditio
778 2576 927 2617 Romuli
945 2576 986 2614 in
1007 2575 1224 2626 Fidenates,
1254 2589 1351 2627 quos
1373 2577 1487 2616 viftos
1500 2575 1692 2628 praefidio

313 2635 532 2689 occupauit,
559 2644 601 2675 et
619 2633 703 2688 agri
721 2644 835 2686 parte
855 2631 1047 2673 multauit.
1580 2658 1582 2661 -
1622 2686 1657 2727 R

1512 2699 1541 2741 7
1546 2699 1607 2742 37·
1659 2699 1696 2726 ⁰·
