1796 3120
157 142 261 183 PRo
294 138 706 183 HYPOTHESIBVS
736 137 977 182 moNst
1006 114 1291 183 HALICARN.
1349 144 1460 200 2687

75 242 260 283 stituendi
283 254 410 290 erunt,
441 253 478 282 vt
496 244 590 282 licet
606 258 677 296 per
696 246 866 285 rationes
886 246 1123 297 emeramnus,
1150 259 1244 298 quas
1262 245 1461 300 Dionysta·

75 313 143 340 nas
167 297 282 340 fuiffe
304 300 417 339 toties
437 301 680 353 agnouimus.

185 358 272 395 Hoc
297 355 455 395 demum
482 370 578 396 anno
607 367 770 408 apparet
791 357 916 397 hiatus
932 358 973 396 in
989 356 1069 409 sttu
1088 371 1308 396 annuorum
1331 360 1459 412 Magi·

74 409 259 451 stratuum
288 412 326 449 in
350 411 508 463 Epocha
531 413 769 452 Varroniana
799 426 961 466 propter
979 426 1053 453 tres
1072 427 1219 454 annuas
1236 414 1460 456 Dinaturas

73 483 95 508 a
116 469 363 507 Varronianis
381 467 594 515 recensitas,
616 484 636 507 a
657 469 879 509 Catonianic
900 481 1031 508 autem
1051 469 1346 520 praetermissas.
1379 470 1460 512 Sed

72 538 199 564 verum
227 524 367 564 hiatum
392 522 544 562 nullum
577 521 656 562 effe
677 526 824 564 exinde
850 524 1013 571 constat,
1046 525 1153 576 quod
1182 539 1307 565 annus
1332 528 1462 566 Varro-

72 584 203 622 nianus
225 585 316 633 306*
346 580 487 619 eodem
501 578 580 631 fita
610 578 653 616 fit
681 593 768 619 cum
791 582 998 620 Catoniano
1020 592 1110 634 304.
1167 582 1227 622 Sic
1247 588 1377 621 tamen
1402 595 1462 621 re-

20 655 23 658 *
71 635 311 689 praesentari
340 632 495 674 necefl'e
525 645 618 681 erat,
649 646 688 674 vt
714 648 801 676 cum
819 638 983 693 singulis
1013 635 1150 676 annuis
1169 638 1462 692 Magis-{ratibus

73 692 337 732 conuenirent
372 693 524 730 numeri
549 692 746 732 Catoniana·
772 704 891 743 atque
922 694 1163 733 Varroniani.
1218 697 1460 735 Verumau-

75 759 155 787 tem
170 747 285 800 fitutn
315 746 662 801 difirepantiamque
687 749 860 787 inuicem
888 749 1090 788 docebunt
1115 749 1208 787 anni
1238 749 1279 788 in
1299 750 1460 801 Epocha

63 805 148 859 fixa
177 804 453 856 olympiadum
480 806 627 857 ‘utrique
656 805 800 843 calculo
827 806 983 852 annexi,
1011 815 1087 844 tam
1101 805 1320 852 Catoniana,
1342 817 1460 856 quam

75 862 320 903 Varroniano.
378 859 477 898 Inde
497 858 613 899 etiam
635 860 851 913 colligetur,
876 859 1018 910 quibus
1038 861 1197 899 demum
1212 861 1392 916 gradibus
1408 875 1457 901 eo

74 917 235 957 tandem
253 927 547 969 peruenerunt?
575 927 613 954 vt
635 929 755 955 vnum
779 917 1036 966 eundemque
1054 914 1164 954 fitum
1182 930 1353 970 perpetuo
1373 919 1460 956 reti·

72 983 217 1012 nerent
247 969 314 1011 sub
342 973 515 1011 numeris
541 972 690 1020 duobus,
717 985 887 1023 quorum
913 973 1011 1013 alter
1035 972 1293 1014 Varronianus
1313 975 1460 1013 biennio

73 1028 218 1070 auetior
237 1027 279 1066 fit
299 1028 523 1068 Catoniana.
885 1031 888 1034 ’

182 1096 276 1138 447.
292 1084 370 1135 *His
399 1083 528 1124 Idibus
549 1083 668 1124 Maiis
695 1083 836 1123 definit
854 1083 1035 1138 simundus
1053 1085 1273 1126 eorundem
1294 1088 1462 1126 Decem·

72 1141 243 1180 virorum
264 1153 396 1186 annus,
428 1143 560 1180 tertius
580 1152 712 1180 autem
740 1139 854 1192 ipsius
874 1141 1184 1180 Decemuiratus.
1243 1143 1355 1181 Idem
1378 1153 1461 1182 erat

72 1198 146 1238 dies
172 1210 259 1235 cum
285 1196 382 1236 Iunii
403 1195 540 1235 Iuliani
559 1196 623 1235 die
641 1201 724 1237 XV.
758 1198 827 1246 qui
848 1198 889 1235 in
909 1193 1088 1234 mensem
1117 1198 1342 1237 incurrebat
1358 1201 1462 1237 Atti·

72 1268 152 1294 cum
174 1252 481 1306 Tl'mvgelionem,¹
510 1266 581 1304 pro
603 1253 734 1307 nostris
757 1252 929 1299 Tabulis,
961 1253 1193 1305 Olympiadis
1212 1267 1316 1293 anno
1333 1257 1458 1307 primo

70 1310 240 1363 proinde
261 1309 447 1360 defluente,
479 1320 596 1359 quam
614 1320 747 1349 notam
767 1308 875 1348 dedit
898 1308 1011 1347 huius
1032 1309 1125 1348 anni
1145 1308 1226 1361 ipse
1238 1310 1456 1362 Dionyst'us.

72 1364 332 1406 Obseruauda
359 1377 491 1405 autem
521 1364 622 1404 illius
642 1366 766 1411 verba,
799 1377 900 1415 quae
921 1364 1099 1404 dedimus
1130 1379 1234 1404 anno
1255 1364 1459 1417 superiori.

69 1423 171 1463 Nam
192 1422 428 1473 Tyrannidis
453 1422 722 1460 tantummodo
744 1426 923 1458 κατάλυσιν
942 1420 1033 1458 huic
1053 1420 1214 1473 assignat
1239 1433 1355 1467 anno,
1378 1434 1460 1461 non

71 1490 205 1519 autem
233 1490 348 1517 nouos
379 1478 706 1517 Decemuirorum
746 1473 975 1516 successores
1004 1477 1186 1528 Consules.
1245 1478 1390 1518 Dedita
1419 1478 1461 1517 id

71 1535 267 1579 nimirum,
296 1544 333 1571 vt
355 1534 519 1579 ridetur,
549 1545 669 1584 opera
695 1544 852 1584 praeter
880 1533 1045 1572 sormam
1077 1544 1311 1584 moremque
1336 1532 1457 1573 suum.

71 1595 147 1632 Per
170 1590 338 1641 Confides
361 1590 467 1628 enim
486 1600 658 1642 quartum
680 1601 880 1640 quemque
901 1602 1058 1636 annum,
1089 1589 1154 1640 qui
1168 1591 1306 1641 primis
1325 1591 1458 1642 Olym-

72 1647 231 1699 piadum
260 1648 367 1685 annis
395 1643 588 1697 designari
616 1643 812 1691 solebant,
852 1643 1039 1697 insignire
1070 1643 1175 1692 solet,
1206 1646 1359 1696 quoties
1397 1645 1461 1684 vui

73 1700 198 1741 essent
228 1703 269 1740 in
297 1701 506 1753 Republica
535 1700 631 1752 Coss
666 1701 731 1751 qui
760 1701 824 1740 illa
855 1700 1014 1752 Epocha
1042 1702 1247 1740 commode
1267 1701 1461 1753 defignari

63 1754 237 1810 possent.
297 1760 371 1797 Hic
393 1768 522 1795 autem
544 1770 625 1795 non
648 1755 903 1803 succurrebat,
923 1756 1121 1796 Decembri
1141 1755 1275 1796 mense
1304 1755 1461 1796 iniuiss'e

72 1812 281 1860 Consules,
314 1814 379 1864 qui
408 1814 449 1850 in
471 1812 588 1852 aliurn
614 1813 812 1852 incidebat
835 1826 968 1852 annum
984 1813 1358 1866 Ob<7npiadis‚quam
1380 1825 1460 1866 per-

66 1883 215 1924 petuam
239 1871 342 1909 illam
375 1871 500 1923 quarti
527 1869 620 1908 anni
647 1881 794 1916 notam,
825 1879 865 1907 et
893 1869 940 1908 ad
971 1870 1088 1908 alium
1117 1869 1284 1920 proinde
1308 1881 1459 1908 annum

72 1926 317 1978 Olympiadis
338 1923 596 1965 Consulatum
622 1924 732 1964 illum
754 1937 895 1964 reuera
918 1923 1028 1963 fuifl'e
1050 1925 1317 1964 referendum.
1374 1927 1458 1964 Imo

70 1983 166 2022 inde
195 1981 308 2020 etiam
343 1979 501 2032 suspicio
531 1980 603 2025 est,
633 1992 713 2021 tum
743 1993 903 2031 quoque
927 1979 1123 2020 Decembri
1151 1977 1289 2019 mense
1316 1980 1458 2032 iniuiffe

72 2037 262 2088 Confides,
289 2037 396 2088 quod
426 2036 517 2075 anni
551 2038 661 2076 initio
688 2038 835 2076 nullam
866 2036 1005 2075 fecerit
1023 2037 1177 2075 illorum
1196 2038 1456 2076 mentionem.

69 2091 284 2144 Hucusque
315 2105 411 2145 ergo
441 2092 602 2145 pertigit
629 2106 753 2132 annus
777 2092 1082 2132 Decernuirorum
1110 2096 1255 2138 tertius,
1284 2107 1355 2144 pro
1375 2091 1458 2131 sen—

70 2147 194 2190 tentia
222 2150 528 2189 Catonianorum.
589 2150 672 2187 Nec
699 2160 851 2202 pugnat
885 2159 976 2188 nota
1009 2146 1226 2200 Consulatus
1253 2149 1291 2188 C.
1316 2150 1458 2188 Nautii

71 2215 113 2245 et
137 2207 244 2245 Lucii
262 2206 429 2245 Minucii
456 2204 517 2248 τήν
548 2204 708 2242 &nanim
738 2204 874 2252 ἐχόντων
903 2205 1032 2243 ἔννατον
1061 2210 1079 2248 ἦ
1108 2210 1242 2243 δέκατον
1267 2203 1340 2248 ἐ’τος
1367 2205 1458 2251 οἶμαι

69 2269 162 2301 ruri.
216 2264 277 2302 Sic
295 2263 400 2300 enim
419 2261 592 2311 loquitur
611 2261 714 2312 apud
737 2260 906 2300 nostrum
933 2262 1099 2301 Valerius
1117 2264 1177 2301 XI.
1191 2266 1284 2310 668.
1319 2265 1457 2302 Annus

71 2328 157 2357 erat
182 2318 365 2368 Epochae
397 2319 620 2357 Catonianae
649 2319 741 2370 296.
798 2330 876 2367 quo
905 2318 959 2357 ilfi
986 2318 1025 2355 in
1057 2317 1257 2369 Consulatu
1283 2316 1454 2366 fuerant,

28 2384 31 2385 ’
69 2389 91 2414 a
113 2386 190 2424 quo
209 2386 328 2414 nonus
354 2373 414 2412 hic
435 2373 499 2419 est,
526 2373 565 2411 in
593 2386 672 2424 quo
700 2370 902 2420 versamur,
932 2385 1023 2425 305.
1058 2373 1234 2413 eiusdem
1258 2373 1454 2424 Epochae.

67 2429 260 2479 Loquitur
280 2438 410 2468 autem
441 2429 491 2468 de
509 2428 714 2469 Dic-”lazura
743 2430 782 2470 L.
800 2428 966 2484 Quine‘tii
989 2431 1208 2476 Cincinnati,
1242 2441 1356 2479 quam
1375 2426 1458 2481 ges-

68 2483 112 2524 fit
136 2484 329 2539 Qim‘lius
346 2498 449 2523 anno
463 2487 588 2537 priori
609 2497 700 2539 295.
724 2501 744 2525 a
763 2499 840 2537 quo
864 2485 926 2524 hic
945 2498 1085 2525 reuera
1103 2487 1259 2526 decimus
1277 2484 1455 2535 inceptus

68 2552 162 2580 erat.
221 2540 282 2581 Sic
301 2539 450 2578 nostrae
475 2540 548 2579 hae
569 2542 736 2580 rationes
756 2553 841 2580 cum
861 2540 1101 2593 Dionystanis
1122 2541 1368 2580 conueniunt
1393 2553 1458 2578 ex-

66 2596 252 2636 amussim.
309 2600 471 2635 Annum
505 2607 610 2634 certe
625 2596 876 2647 ficundorum
895 2598 1222 2636 Decernuirorum
1243 2596 1456 2648 ficundum,

66 2653 129 2692 vel
146 2655 346 2709 integrum,
360 2650 864 2698 existimabantCotonium,-
882 2653 942 2692 vel
964 2654 1081 2692 talem
1101 2652 1244 2700 saltem,
1258 2664 1293 2690 vt
1317 2665 1455 2702 parum

699 2711 766 2761 Yy
791 2720 817 2750 2
1246 2708 1457 2748 admodum

793 2806 813 2817 α
