1796 3120
92 53 96 56 ’
155 79 256 122 Psso
289 76 694 118 HYPOTHESIBVS
724 74 970 117 moNst
996 74 1299 116 HALICARN:
1345 78 1470 131 2651,

74 184 204 225 nostro
235 183 286 222 de
306 180 428 231 Cyclis
449 183 585 233 Opere
605 179 911 221 obseruauimus.
969 183 1020 221 Et
1039 190 1172 220 tamen
1199 193 1334 235 quarto
1363 193 1460 231 quo—

76 254 157 293 que
195 239 414 291 Confidam,
470 237 627 287 quoties
669 237 712 276 in
736 241 877 290 primos
915 236 1197 290 olympiadum
1233 250 1355 277 annos
1398 237 1458 274 in-

75 305 247 342 currunt,
289 294 563 346 Olympiadem),
609 293 914 348 Archontumque
949 296 1184 341 Atticorum,
1224 293 1291 344 qui
1319 293 1459 345 primis

76 351 353 405 Olympiadum
384 350 494 389 annis
526 346 821 400 responderint,
860 350 1040 389 meminit
1077 349 1209 388 noster
1237 347 1457 401 Dionyfius.

74 412 126 451 Et
144 408 304 459 quidem
322 406 435 453 ita,vt
452 405 544 444 anni
566 405 820 458 Ogympiadum
842 406 958 458 primi
975 419 1144 447 exeuntes
1169 405 1456 460 intelligantur,

75 478 154 517 qua
174 462 315 503 scilicet
331 475 419 501 cum
433 463 561 503 Vernis
580 472 819 501 concurrunt
839 476 1032 501 annorum
1053 461 1329 514 tempestatibus,
1351 474 1457 512 quae

77 533 210 561 rerum
230 518 424 572 gestarum
447 530 648 558 annuarum
666 519 776 557 initia
796 519 1128 557 maximeidonea
1148 518 1248 558 sunt.
1304 521 1354 558 Et
1373 518 1459 569 qui-

75 578 168 617 dem
195 577 286 616 Vere
313 574 466 613 inibant
493 573 585 612 anni
628 573 698 625 ipfi
729 572 1004 627 olympiadum,
1045 587 1132 613 cum
1158 576 1276 614 etiam
1304 585 1456 627 agones

74 634 238 686 ogympii
279 628 416 671 mense
443 630 572 669 Attico
603 629 850 684 Thargelione
882 631 1195 677 celebrarentur,
1235 629 1262 668 fi
1291 630 1455 681 quidem

46 684 51 689 ¹
76 690 181 730 reue
203 688 335 727 docuit
352 687 507 726 Ioannes
525 685 678 725 Tzezzes
697 685 772 725 suis
791 686 839 726 ad
859 686 1072 732 Μεθομηςικρὲ
1091 685 1214 726 Notis.
1270 689 1355 726 Nec
1371 687 1457 724 lon-

76 758 129 799 ge
149 746 282 785 aberat
309 758 329 782 a
353 743 485 784 Vernis
512 741 707 782 menfibus
732 741 934 789 Gamelion,
968 756 1046 793 quo
1073 744 1190 782 annui
1214 742 1366 782 inibant
1391 743 1456 780 ho-

75 816 159 842 rum
179 812 399 851 temporum
422 798 644 839 Archontes.
704 800 814 838 Haec
837 809 969 838 tamen
995 798 1095 837 adeo
1120 800 1249 851 paucis
1269 808 1361 838 nota
1391 797 1455 836 vix

76 856 311 897 crediderim
337 856 378 893 in
406 855 535 892 animo
555 852 728 894 habuifi'e
747 854 978 905 Dionyfi'um.
1009 854 1108 892 Illud
1131 868 1222 893 vero
1240 855 1380 906 potius,
1416 863 1457 893 vt

71 914 233 954 Annales
260 911 372 950 Vrbis
400 911 566 949 conditae
598 910 645 950 ab
672 909 754 962 ipso
783 911 899 952 Vrbis
936 909 1071 951 Natali
1107 908 1335 957 arcefi'eret,
1385 923 1459 961 pro

73 969 141 1011 sua
160 967 304 1014 saltem,
335 979 452 1017 quam
471 965 717 1017 sequebatur,
739 966 898 1019 Epocha
919 968 1138 1007 Catoniana.
1195 970 1330 1007 Vnum
1358 979 1460 1018 ergo

75 1037 272 1066 annorum
288 1022 465 1062 omnium
485 1033 525 1060 et
545 1035 753 1061 commune
775 1025 926 1064 initium
951 1022 1019 1062 {ibi
1047 1021 1250 1074 proposuit
1275 1024 1317 1061 in
1345 1023 1459 1061 :nmis

74 1081 240 1134 singulis
251 1077 464 1129 Dionystus.
524 1081 607 1125 Nec
633 1079 739 1119 aliud*
757 1079 854 1118 illud
878 1080 919 1118 in
939 1077 1106 1119 Historia
1123 1076 1257 1118 saltem
1275 1079 1457 1125 Romana,

75 1148 115 1177 vt
143 1137 316 1183 videtur,
346 1148 464 1186 quam
492 1134 672 1176 Palilium.
730 1135 903 1175 Proinde
930 1149 1011 1174 non
1038 1135 1290 1175 incommode
1317 1135 1459 1176 Palilia

75 1202 270 1235 tumorum
292 1190 526 1247 fingulorum
554 1205 575 1230 e
596 1190 729 1231 nostris
760 1192 871 1244 Cycli
895 1192 1059 1232 Romani
1087 1191 1249 1232 Tabulis
1282 1191 1457 1231 notanda

75 1250 267 1297 duximus,
298 1261 370 1300 pro
401 1246 595 1288 sententia
614 1247 798 1299 Diorryfi'i.
855 1251 905 1288 Et
923 1249 1084 1300 quidem
1112 1260 1162 1286 ex
1189 1261 1347 1302 utroque
1374 1247 1458 1285 illo-

75 1319 163 1346 rum
182 1316 404 1356 temporum
424 1306 654 1344 Kalendario
677 1304 725 1344 ad
756 1305 832 1345 dies
859 1305 1012 1344 redacta
1032 1304 1150 1344 etiam
1180 1304 1359 1343 Iulianos.
1388 1306 1460 1344 Po-

66 1363 236 1417 sterioris
246 1360 598 1402 autemKalendarii
618 1362 786 1400 rationes
805 1371 901 1412 puto
921 1358 1001 1399 efl'e
1019 1358 1318 1400 verifimillimas.
1334 1359 1457 1409 Quod

76 1432 208 1461 tamen
227 1431 250 1457 e
269 1420 376 1458 nouis
397 1417 635 1463 discendum,
653 1415 680 1454 fi
703 1430 805 1468 quae
823 1416 1052 1468 prodierint,
1078 1418 1371 1468 experimentis.
1401 1415 1460 1453 Se-

77 1477 194 1517 cundo
213 1488 306 1514 anno
327 1476 459 1514 iterum
483 1475 728 1526 Tarquinius,
754 1487 796 1512 vt
815 1475 1037 1525 reciperetur
1052 1474 1092 1512 in
1110 1474 1290 1529 Regnum,
1318 1473 1458 1514 Bellum

76 1533 257 1575 Romanis
290 1533 437 1578 intulit,
483 1531 668 1570 auxilium
704 1532 736 1569 ei
758 1528 1127 1583 ferente-Porsina,
1166 1529 1318 1583 Tufiiae
1345 1532 1458 1584 R-ege.

79 1593 242 1639 Eun-op.
589 1622 591 1624 .
1288 1625 1292 1631 A

191 1656 284 1698 505.
314 1644 514 1698 Tarquinii
541 1641 699 1697 Superbi
727 1656 816 1682 ann.
850 1640 982 1694 Eafilii
997 1644 1069 1682 III.
1097 1643 1220 1684 Aetat.
1246 1643 1459 1684 LXXVIII.

78 1702 318 1747 Videantur,
362 1714 465 1752 quae
502 1715 574 1752 pro
620 1698 865 1751 Dionyfianis
907 1700 1020 1739 huius
1071 1700 1165 1738 anni
1211 1699 1308 1753 Coffi
1363 1697 1459 1739 Diff-

79 1762 124 1801 X.
147 1756 198 1795 de
228 1756 323 1805 Cycl.
355 1771 392 1795 n.
412 1761 477 1810 76.
522 1754 812 1807 disputauimus,
859 1757 991 1806 deque
1037 1756 1227 1805 dedicato,
1277 1756 1352 1794 hoc
1392 1755 1459 1794 de-

80 1827 190 1854 mum
207 1826 322 1859 anno,
340 1813 385 1852 ab
408 1813 572 1853 Horatio
593 1810 768 1853 Consule
788 1813 959 1864 Templo
981 1811 1206 1864 Capitolino.
1263 1811 1461 1852 Succurrit

81 1871 159 1910 iam
179 1880 219 1907 et
237 1868 341 1908 aliud
353 1874 656 1921 Argumentum,
669 1867 774 1919 quod
795 1878 876 1907 tum
891 1868 1120 1907 memoriam
1139 1881 1268 1907 meam
1288 1867 1460 1920 fugerat.

83 1928 221 1981 Legem
247 1924 433 1964 vetustam
461 1924 634 1978 agnoseit
661 1925 796 1964 Liuius
829 1923 959 1976 priscis
991 1924 1112 1962 literis
1139 1922 1346 1974 verbisque
1375 1920 1461 1961 scri—

81 1993 199 2035 ptam,
231 1994 282 2027 vt,
305 1983 370 2034 qui
383 1982 542 2021 Praetor
558 1983 756 2021 Maximus
775 1979 839 2031 stt,
872 1979 1001 2020 Idibus
1017 1979 1290 2032 Septembribus
1318 1980 1462 2020 clauum

77 2052 233 2094 pangat.
254 2041 339 2077 VlI.
363 2050 398 2090 3.
443 2037 634 2089 Loquitur
653 2038 703 2076 de
722 2036 840 2075 buius
858 2037 980 2076 Aedis
1003 2037 1235 2088 Capitolinae
1263 2036 1378 2075 clauis
1396 2048 1462 2074 an-

83 2108 227 2135 norum
247 2094 447 2141 indicibus,
469 2107 636 2144 quorum
655 2093 802 2145 primus
819 2094 866 2131 ab
887 2093 960 2131 alio
984 2090 1062 2130 esse
1082 2106 1161 2130 non
1181 2092 1318 2144 potuit,
1343 2103 1462 2141 quam

85 2151 248 2202 Templi
277 2150 511 2191 Dedicatore.
569 2153 620 2190 Et
640 2150 801 2200 quidem
830 2148 915 2200 ipfis
942 2149 1013 2187 illis
1031 2148 1159 2188 Idibus
1179 2148 1461 2188 Dedicationem

85 2208 133 2248 ab
155 2209 320 2248 Horatia
343 2206 547 2257 perafitam,
569 2204 801 2258 suffragatur
814 2205 926 2243 Liuio
939 2204 1157 2244 Plutarchus
1178 2204 1217 2242 in
1244 2203 1433 2257 Poplicola
1446 2202 1463 2240 ζ·

84 2268 184 2305 εἰδοῖς
200 2266 447 2313 ΣεπἹεμβςίαις,
468 2261 484 2301 3
503 2267 720 2309 συντυγχάνει
740 2268 816 2309 περὶ
836 2262 895 2304 τήν
916 2268 1119 2308 πανσέληνον,
1148 2266 1271 2306 uatus-cz
1288 2265 1334 2299 τέ
1350 2271 1462 2300 Mera-

82 2322 276 2369 ·ysarm'moc.
330 2322 380 2358 Et
408 2319 569 2369 quidem
600 2317 716 2369 Fastis
760 2315 1062 2367 quibuscunque
1102 2318 1243 2355 certior
1271 2327 1352 2355 erat
1380 2315 1464 2353 Lex

86 2392 109 2416 a
123 2376 232 2414 Liuio
251 2385 473 2420 memorata,
494 2385 551 2413 tot
579 2373 668 2414 suae
689 2374 822 2414 aetatis
841 2374 940 2412 notis
962 2372 1150 2425 insignita.
1180 2373 1308 2424 Magis
1327 2382 1461 2411 autent

85 2432 128 2470 in
155 2431 226 2469 hac
251 2429 358 2469 causa
386 2430 639 2477 obseruanda,
671 2430 779 2481 quod
811 2430 914 2468 Liuii
943 2439 982 2468 et
1004 2429 1199 2468 Plutarchi
1226 2426 1461 2466 sententiam

86 2487 138 2526 de
157 2486 402 2525 Dedicatione
418 2489 541 2538 primo
562 2487 718 2526 Horatii
750 2485 952 2535 Consulatu
982 2485 1089 2531 satia,
1121 2484 1272 2523 refellat
1282 2497 1294 2529 3
1325 2482 1464 2521 confir-

84 2552 168 2583 met
195 2552 324 2581 autem
356 2539 587 2581 sententiam
604 2541 786 2592 Dionyfii,
817 2555 919 2592 quae
944 2541 1102 2591 secundo
1132 2540 1259 2590 potius
1287 2537 1464 2577 eiusdem

83 2599 244 2643 Horatii
279 2596 500 2652 Conficlatui
533 2599 836 2640 Dedicationem
880 2596 1144 2650 assignandam
1179 2592 1324 2634 censet.
1381 2597 1463 2633 lam

1357 2662 1465 2691 emm

1363 2738 1383 2746 ὴ
