1796 3120
299 128 384 167 AD
422 126 960 168 CHRoNOLoGIAM
1002 126 1254 167 otoNYs.
1366 136 1478 179 2455

94 227 198 278 κόμη,
226 227 292 270 seu
311 231 425 277 vicus,
459 230 508 270 ad
529 230 638 279 hanc,
671 244 787 283 quam
816 231 891 270 hoc
918 231 960 270 in
989 230 1074 270 loco
1101 227 1299 269 intellexit
1318 227 1478 277 Plinius,

92 285 415 339 fignificationem
434 287 581 340 Populi.
641 288 876 328 cohabitatio
899 286 1069 337 antiqua,
1096 300 1167 338 pro
1188 287 1274 324 iure
1295 285 1478 336 gentium

96 342 368 388 Patriarchico,
387 356 457 394 pro
475 347 708 400 cognationis
731 346 828 389 iure,
856 356 935 394 quo
949 345 1071 397 gentis
1091 340 1267 388 eiusdem
1288 341 1400 380 Ciues
1422 338 1477 379 se·

92 411 183 439 cum
209 399 379 436 inuicem
409 400 601 439 coniunffi
630 399 727 447 sunt,
753 399 927 439 distribui
954 397 1113 438 solebat.
1168 400 1224 437 Ita
1250 396 1404 442 fastum,
1424 406 1474 441 vt,

91 468 174 507 quo
194 452 360 505 quisque
379 457 537 507 propius
559 455 873 512 confiznguinitate
895 455 1063 493 alterum
1081 451 1275 505 attigifl'et,
1305 465 1353 491 eo
1379 449 1478 490 effet

94 511 215 550 etiam
240 509 472 550 habitatione
499 512 669 553 vicinior.
727 513 788 552 Sic
809 524 906 563 ergo
932 512 1050 551 media
1068 509 1123 549 est
1142 508 1275 562 Populi
1292 505 1478 561 fignifica-

93 567 149 606 tio
179 566 281 604 inter
305 579 460 621 gentem,
489 568 549 606 vel
578 571 764 608 nationem
795 578 836 605 et
854 569 986 605 vicum.
1045 567 1209 618 Populos
1229 566 1335 604 enim
1348 565 1475 617 plures

95 622 237 661 eodem
243 621 432 678 sanguine
455 624 639 663 oriundos
658 632 849 663 memorat
869 620 1074 670 ⁶²Tacitus‚
1087 622 1154 672 qui
1176 632 1309 660 tamen
1321 611 1530 674 sangui-⁶²
1540 610 1595 687 1²4⁶,

92 680 151 721 nis
180 690 303 716 nexus
332 692 443 718 vnam
469 694 612 734 gentem
637 679 841 726 conflauit,
879 691 968 717 cum
995 691 1070 717 nec
1096 678 1324 717 habitatione
1348 674 1474 716 effent
1487 667 1582 734 [3512
1600 677 1611 688 ⁸

91 733 330 785 interpolati.
389 737 438 774 Et
458 739 540 775 vice
557 734 661 775 versa
678 748 751 787 per
767 735 898 787 plures
915 736 1018 774 vicos
1039 747 1135 772 vnus
1154 735 1342 783 idemque
1356 733 1475 785 Popu-
1585 725 1598 736 ⁷

91 789 147 829 lus
169 790 342 829 distribui
362 788 518 831 solebat.
577 795 669 832 Erat
690 804 786 844 ergo
804 790 1005 830 arffiffima
1024 791 1205 842 cognatio
1224 789 1289 829 illa
1307 791 1471 836 κωμητῶν,

51 856 54 859 ’
91 844 161 885 seu
190 848 414 885 vicanorum.
472 848 600 888 Multa
633 846 766 899 paffim
807 856 1019 885 occurrunt
1052 845 1235 896 exempla
1264 844 1305 883 in
1337 847 1474 896 Opere

90 901 287 941 Ptolemaei
307 903 580 954 Geographico
598 907 765 959 gentium
780 902 820 941 in
843 903 974 953 plures
985 902 1148 954 Populos
1171 900 1472 946 distributarum,

92 969 134 996 et
154 957 309 997 vicissim
327 958 552 1011 Populorum
567 972 640 1011 per
654 962 763 1006 vicos,
793 971 864 1009 pro
886 958 1069 1009 exemplo
1090 956 1232 996 seilicet
1251 956 1473 1009 Hipparchi.

91 1015 180 1053 Hoc
206 1025 352 1065 nempe
379 1013 553 1062 cornilio,
582 1025 621 1053 vt
645 1022 772 1055 verae
789 1015 950 1054 locorum
977 1015 1240 1070 regionumque
1269 1011 1474 1052 distantiae

91 1067 392 1121 defignarentur
418 1072 536 1110 etiam
565 1070 850 1119 Mathematice‚
877 1082 998 1121 vtque
1026 1068 1336 1110 obseruationes
1361 1067 1474 1121 astro-

90 1127 255 1166 nomicae
274 1125 420 1176 vbique
438 1127 605 1180 intelligi
634 1126 787 1179 peffent
804 1139 875 1178 pro
901 1124 970 1166 suo
988 1129 1110 1182 gentis
1129 1122 1319 1176 cuiusque
1339 1123 1476 1163 Kalen-

90 1181 213 1221 dario.
269 1184 362 1221 Erat
388 1181 623 1233 autemst'tus
643 1194 815 1223 accurata
839 1183 904 1222 illa
929 1181 1149 1222 constitutio
1167 1181 1285 1233 plane
1306 1177 1475 1220 neeeffa-

92 1237 146 1276 ria
163 1237 211 1277 ad
229 1237 386 1290 Eclipsts
401 1239 676 1291 praedicendus.
736 1241 818 1277 Nec
844 1240 950 1277 enim
973 1248 1127 1291 poterat
1147 1236 1229 1275 fine
1250 1235 1331 1287 ipsa
1351 1234 1473 1281 statui,

91 1292 232 1344 quibus
262 1295 301 1332 in
328 1295 555 1345 regionibus
574 1293 721 1348 Eclzpfis
741 1295 935 1348 conspicua
960 1294 1093 1334 futura
1119 1290 1225 1339 effer,
1256 1305 1332 1331 nec
1353 1304 1474 1342 quan·

46 1346 52 1356 ‘
91 1357 169 1388 tam
188 1349 288 1388 orbis
299 1361 448 1402 partem
464 1349 702 1403 interpositio
722 1350 973 1403 obscuratura.
1030 1353 1144 1390 Hanc
1165 1358 1262 1400 ergo
1281 1347 1308 1385 fi
1327 1349 1475 1399 primus

93 1404 321 1445 Graecorum
341 1408 533 1458 repererit
553 1408 800 1460 Hipparchus,
821 1408 940 1459 plane
960 1404 1146 1458 sequitur,
1168 1420 1188 1444 a
1211 1403 1362 1444 Graecis
1380 1403 1475 1443 Ecli—

84 1461 167 1514 pses
187 1473 302 1502 antea
317 1464 486 1515 praedici
504 1477 583 1515 ηομ
606 1462 772 1515 potuisse
790 1464 830 1501 in
851 1462 928 1502 loco
947 1463 1077 1514 aliquo
1092 1461 1320 1514 partic-:ilari
1340 1461 1474 1499 viden·

90 1517 168 1563 das,
200 1518 293 1557 dum
315 1517 456 1558 scilicet
478 1520 656 1558 nondum
686 1519 880 1558 constaret
901 1520 952 1558 de
970 1519 1144 1558 locorum
1162 1518 1240 1569 fita
1261 1517 1472 1556 Mathema-

90 1576 172 1614 tico.
233 1575 380 1615 Contra
399 1576 526 1627 potius
551 1588 599 1614 ex
610 1574 807 1627 Eclipsz'bus
826 1573 962 1615 iisdem
984 1575 1033 1614 de
1051 1575 1226 1612 locorum
1230 1571 1313 1622 st'tu
1323 1573 1475 1613 Mathe·

90 1633 224 1669 matico
251 1631 564 1681 pronunciabant
586 1631 815 1682 Astronomi‚
848 1644 950 1682 quae
972 1629 1121 1681 diuerfis
1149 1631 1189 1668 in
1206 1629 1294 1668 locis
1312 1629 1475 1668 fuerant

92 1683 332 1725 obseruatae.
389 1688 624 1739 Exemplum
640 1688 804 1727 exhibet
821 1687 1027 1738 antiquum
1046 1687 1076 1714 ⁶³
1087 1687 1324 1726 Ptolemaeus.
1351 1687 1472 1724 Erant
1484 1677 1526 1721 ⁶3
1543 1677 1634 1754 (ἴθ-

95 1753 192 1793 ergo
221 1742 349 1780 multis
377 1743 416 1781 in
437 1743 527 1781 locis
547 1745 704 1797 Eclipfis
730 1744 895 1784 eaedem
917 1756 1027 1783 antea
1049 1741 1330 1787 observandae,
1354 1754 1472 1791 quam
1484 1733 1561 1764 gra?
1591 1744 1601 1754 ‘

93 1796 144 1835 de
161 1796 233 1835 loci
244 1796 324 1848 fi'tu
345 1809 521 1838 accurate
541 1801 741 1843 constaret,
759 1801 826 1851 qui
846 1810 977 1838 tamen
999 1795 1209 1837 necest'ario
1230 1809 1470 1849 praecogno-

93 1849 256 1892 scendus
277 1864 368 1900 erat,
397 1853 423 1891 fi
443 1855 527 1905 quis
547 1854 715 1908 Eclipstm
728 1856 938 1908 praedicere
959 1856 1074 1894 vellet
1079 1854 1269 1906 firturam.

206 1908 269 1948 Est
289 1921 329 1947 et
347 1909 419 1949 alia
438 1909 564 1951 tabula
582 1912 685 1964 apud
702 1911 939 1964 Astronomos
956 1912 1219 1955 celeberrima,
1250 1919 1468 1959 eorumque
1493 1904 1536 1952 β·
1553 1903 1610 1936 26·

93 1962 214 2004 vfibus
250 1966 651 2013 accommodatiffima,
693 1968 799 2007 cuius
826 1980 902 2019 ego
930 1969 1173 2012 inuentorem,
1207 1966 1339 2005 saltem
1365 1964 1469 2015 apud
1482 1948 1575 2023 &legin
1591 1995 1637 2024 A·

97 2019 267 2067 Graecos,
297 2019 409 2060 fuiffe
437 2020 605 2074 suspicor
631 2024 897 2077 Hipparchum.
951 2023 1060 2062 Illam
1097 2022 1276 2074 intelligo
1303 2019 1470 2072 Epocbae
1482 2036 1612 2068 strono—

92 2076 399 2129 Nabonassareae‚
424 2078 649 2131 Principum
683 2081 876 2125 nimirum,
907 2081 973 2128 qui
992 2077 1247 2130 Nabonaffaro
1276 2087 1468 2128 perpetua
1481 2092 1613 2114 morum

94 2130 192 2172 serie
220 2131 498 2181 sueeefl'erunt‚
538 2137 665 2187 primo
703 2135 948 2187 Babyloniae,
989 2145 1071 2174 tum
1115 2134 1261 2173 deinde
1295 2134 1468 2187 Aegypti,
1484 2128 1591 2177 ‘'fahs'‘

94 2203 116 2228 a
142 2199 269 2227 morte
295 2189 506 2229 Alexandri
546 2193 698 2248 Magni.
757 2195 866 2232 Haec
904 2193 996 2230 anni
1035 2190 1160 2231 forma
1205 2172 1588 2246 {impliciihmasszfssz'

95 2255 187 2290 erat,
207 2244 352 2295 solaris
383 2247 554 2296 quidem,
590 2262 664 2287 nee
693 2248 860 2299 proinde
886 2246 1058 2301 mensibus
1081 2244 1365 2287 intercalaribus
1386 2258 1470 2296 per·
1486 2260 1612 2300 primus

96 2299 232 2351 plexa,
264 2312 303 2339 et
322 2314 373 2340 ne
394 2303 553 2353 quidem
571 2306 643 2343 diei
660 2305 832 2343 minutiis
861 2304 1059 2355 impedita,
1080 2315 1181 2353 quae
1200 2303 1332 2341 calculi
1353 2302 1470 2339 mole·
1486 2304 1633 2354 vsurpass

94 2355 201 2394 stiam
232 2368 422 2396 crearent.
479 2363 521 2400 In
550 2361 621 2401 hac
644 2360 798 2413 Epocha
828 2359 1133 2412 designabantur
1162 2357 1471 2397 obseruationes
1488 2349 1518 2380 se
1542 2351 1636 2401 vicie-

95 2410 399 2460 Babyloniorum,
439 2430 460 2455 a
498 2417 640 2467 quibus
685 2417 732 2455 ad
781 2417 944 2456 Graecos
985 2414 1218 2467 Astronomia
1265 2412 1471 2457 emanavit,
1488 2396 1637 2470 {2:5ss¹}-

96 2469 272 2506 omnium
302 2471 469 2519 proinde
496 2471 774 2526 antiquzffimae,
809 2472 1059 2522 eaedemque
1086 2484 1124 2510 et
1144 2483 1310 2508 numero
1336 2469 1471 2521 plures,
1490 2466 1577 2513 itui&

97 2537 214 2574 quam
241 2539 261 2562 a
279 2524 425 2566 Graecis
461 2526 691 2568 obseruatae
719 2528 899 2575 fuerant,
946 2538 1064 2577 arque
1090 2530 1345 2566 accuratiores.
1405 2525 1472 2561 His
1501 2529 1640 2567 Epoclmo

96 2590 203 2618 ceste
238 2581 359 2632 “¹5¹ssss
386 2580 467 2621 fidit
499 2585 743 2631 Ptolemaeus,
774 2598 891 2635 quam
923 2582 1147 2622 Graecorum
1184 2580 1602 2621 obseruationi-vrtffln

1490 2620 1614 2648 debent

96 2635 167 2675 bus
187 2635 458 2690 antiqmffimis‚
490 2652 614 2691 quum
636 2651 766 2680 tamen
794 2638 899 2693 ipsae
918 2639 1206 2692 Babyloniorum
1226 2635 1473 2730 Obserualtjo-
1490 2661 1617 2693 fundu

1360 2705 1399 2730 in
1433 2704 1473 2729 us

1374 2800 1389 2816 Ι
