1796 3120
340 104 536 156 LEGES
584 106 777 146 VETT.
823 105 1268 146 ROMANORVM.
1380 108 1488 159 2369

101 208 281 248 dixerunt
304 204 431 256 ἔξονκς,
463 208 599 249 tabulis
620 209 751 265 ligneis
771 209 911 260 incisizs.
942 212 1106 263 quamuis
1132 209 1219 260 istas
1237 222 1358 248 aereas
1369 208 1481 260 'fiiffe

100 264 244 315 constet,
274 264 498 316 dissentiente
520 268 736 319 Pomponio.
796 266 966 306 Pei-latae
983 265 1082 316 *stant
1108 266 1268 305 comitiis
1293 270 1477 305 centuria-

99 324 162 366 tis,
180 320 286 372 fixae
310 324 350 359 in
368 321 464 371 fhro
494 323 544 361 ad
570 323 722 362 Curiam
743 321 957 373 Hostiliam:
984 321 1273 375 manseruntque,
1307 326 1476 373 quamuis

92 375 173 430 post
191 379 297 416 varia
315 378 483 417 incendia
503 377 615 424 vrbis,
641 377 745 416 vltra
763 378 928 429 Septimii
950 378 1076 417 Seueri
1096 379 1378 430 Imp-tempora.
1415 378 1477 416 De

97 432 272 486 diufimie
301 431 512 474 tabularum
535 448 582 474 ex
603 435 836 488 Fragmeutis
861 435 1008 486 diffi'cile
1033 434 1205 473 iudicium
1234 434 1291 484 est.
1348 432 1472 472 Modo

95 502 215 528 tamen
240 502 275 527 et
295 490 423 528 ordine
437 491 600 542 scriptas
615 489 741 542 fusffi’i
772 502 843 528 non
870 489 915 542 est
938 488 1098 529 dubium.
1155 491 1268 542 Leges
1285 490 1417 543 Regiae
1437 503 1473 528 et

94 544 241 584 Solonis
269 545 386 583 decem
412 549 551 598 primas
571 544 714 586 tabulas
741 545 922 596 occupiqffie
942 545 1134 584 videmur:
1166 547 1262 584 duae
1275 548 1473 597 postremae

94 601 139 640 de
161 601 282 651 sc'zcris
312 601 501 653 ficerunt:
547 602 673 655 eaffiue
704 615 728 639 a
751 601 902 651 Falifiis
922 603 1060 652 petitas
1084 601 1236 640 Seruius
1263 600 1309 651 1·st
1331 602 1471 640 αιιέῖον.

96 657 202 696 Certe
219 655 310 711 leges
331 658 468 712 Regiae
489 671 536 696 ex
553 671 580 706 1,
602 671 648 704 Π,
669 667 710 694 et
728 670 779 696 ιιι
808 655 951 705 tabula,
985 671 1007 695 a
1030 656 1126 707 Festo
1150 660 1328 696 citamur.
1386 658 1471 695 Lex

93 711 243 753 Romuli
269 713 312 752 de
331 714 526 752 vendendis
555 712 651 765 filiis
673 726 695 751 a
715 711 893 765 Dionyfi'o
924 715 964 751 in
992 724 1129 766 quarta
1149 716 1322 765 ponitur.
1380 713 1473 752 Fra-

91 783 254 825 gmenta,
278 782 367 821 quae
384 769 594 822 fitperfimt,
618 768 705 807 haec
726 767 846 822 fient:

153 838 170 867 1
202 822 322 864 luss'us
342 826 476 876 populi
496 836 535 864 et
553 822 732 876 suffragia
754 822 878 863 sunto.
921 823 1214 876 Quodcumque
1231 823 1468 875 postremum

95 881 265 934 populus
290 879 398 925 iussir,
429 881 467 919 id
486 882 543 919 ius
563 891 769 930 ratumque
792 878 883 918 esto.

147 949 175 977 2
205 935 416 987 priuilegia
438 949 490 974 ne
510 937 723 988 irroganto.

144 1003 168 1044 3
205 994 267 1030 De
287 992 411 1042 capite
431 992 533 1037 ciuis,
545 989 610 1029 nifi
629 1004 700 1042 per
718 990 930 1032 maximum
951 991 1200 1039 comitiatum,
1214 1003 1266 1029 ne
1289 990 1466 1031 ferunto.

141 1062 170 1100 4
200 1046 303 1087 Forti
323 1046 528 1098 sanarique
548 1047 652 1085 idern
669 1047 726 1086 ius
747 1046 838 1086 esto.
1204 1056 1209 1058 “

143 1115 169 1156 ς
198 1104 274 1159 Qi
293 1101 421 1154 hostem
436 1105 689 1150 concitauerit,
719 1107 828 1156 quiue
848 1104 959 1142 ciuem
980 1102 1074 1156 hosti
1105 1103 1317 1150 tradiderit,
1357 1106 1468 1156 quiue

88 1172 209 1199 coetus
229 1158 421 1198 noeturnos
439 1161 650 1214 agitauerit‚
682 1159 818 1210 capital
833 1159 913 1212 esto.

140 1218 167 1257 6
198 1213 422 1254 sodalitates
447 1229 484 1255 et
512 1214 659 1271 collegia
676 1214 816 1268 fitnto:
847 1214 900 1267 ast
923 1228 967 1255 ne
985 1217 1026 1254 in
1048 1213 1213 1269 publicas
1246 1216 1340 1271 leges
1373 1230 1465 1255 com·

86 1271 240 1311 modaue
265 1283 453 1323 peccanto.

141 1340 170 1380 7
200 1327 281 1375 Qui
299 1326 435 1380 fruges
455 1326 689 1374 excantaffit,
721 1327 859 1367 Cereri
886 1325 989 1366 sacer
1011 1325 1102 1366 esto.

144 1391 166 1433 g
199 1383 281 1431 Qui
299 1383 456 1435 frugem
476 1394 600 1423 aratro
620 1381 831 1434 quaesitam
854 1382 961 1434 pauit
981 1380 1166 1429 semime,
1186 1383 1312 1434 pubes
1325 1384 1468 1424 Cereri

87 1436 269 1478 sacrator:
321 1439 524 1491 impubes,
555 1439 743 1491 praetoris
773 1438 962 1479 arbitratu
994 1440 1238 1486 verberator,
1268 1452 1464 1479 noxamue

83 1494 370 1546 duplion‘emue
388 1494 588 1548 praestato.

139 1563 166 1605 9
196 1550 237 1590 Si
257 1552 297 1591 in
315 1552 432 1591 alieno
448 1563 557 1604 pecus
568 1553 731 1602 punierit,
760 1550 854 1590 αὲἶὶο
876 1547 954 1600 esto.

145 1620 195 1649 10
223 1606 300 1662 Qi
319 1609 456 1648 iniuria
476 1606 627 1648 arbores
644 1606 780 1648 alienas
803 1607 981 1657 ceciderit,
1017 1609 1056 1645 in
1067 1604 1236 1663 fingulas
1262 1619 1345 1648 xxv
1367 1609 1462 1647 aeris

86 1663 190 1703 heito.

145 1731 191 1760 11
222 1717 379 1759 Arboris
407 1720 642 1772 impendentis
667 1732 788 1759 ramos
816 1732 878 1760 xv
892 1718 1000 1771 pedes
1040 1732 1062 1758 a
1082 1731 1183 1758 terra
1209 1719 1464 1758 circumcidere

87 1777 144 1814 ius
163 1773 243 1825 esto.

148 1843 198 1872 12
226 1831 501 1870 Paterfamilias
519 1832 572 1870 vti
591 1831 742 1883 legassit
762 1829 878 1882 super
896 1831 1064 1882 pecunia
1083 1831 1259 1869 tutelaue
1280 1827 1370 1869 suae
1391 1829 1462 1875 rei>

87 1884 140 1924 ita
159 1887 218 1925 ius
238 1886 329 1925 esto.

143 1954 191 1995 13
224 1944 261 1983 Si
283 1941 484 1981 intestatus
500 1943 673 1988 moritur,
706 1941 767 1980 cui
796 1939 884 1980 suus
913 1941 1028 1980 heres
1057 1954 1130 1979 nec
1165 1938 1267 1986 escit,
1296 1950 1460 1992 agnatus

87 1998 286 2048 proximus
307 1997 490 2037 familiam
510 1998 675 2038 habeto:
708 1996 735 2035 fi
755 2007 918 2050 agnatus
937 2011 1012 2036 nec
1033 1996 1135 2043 escit,
1157 1996 1328 2049 gentiles
1355 1995 1462 2036 fami-

86 2053 177 2092 liam
197 2051 453 2093 herciscunto.

143 2122 194 2164 14
224 2111 261 2150 Si
284 2108 450 2149 furiosus
472 2107 549 2149 effe
574 2109 728 2160 incipit,
758 2120 990 2162 agnatorum
1017 2107 1309 2161 gentiliumque
1336 2109 1376 2147 in
1407 2120 1459 2146 co

87 2166 338 2216 pecuniaque
356 2166 439 2204 eius
459 2164 624 2217 potestas
645 2165 736 2204 esto.

144 2233 192 2272 15
224 2222 437 2261 Hominem
455 2232 653 2260 mortuum
672 2222 713 2259 in
737 2223 831 2260 vrbe
853 2233 905 2258 ne
928 2217 1102 2271 sepelire,
1115 2232 1222 2258 neue
1239 2219 1349 2259 vrito.

145 2279 195 2319 16
226 2279 311 2316 Hoc
328 2278 413 2328 plus
434 2290 486 2315 ne
506 2277 641 2316 facito:
675 2291 818 2330 rogum
835 2274 932 2316 ascia
953 2289 1006 2314 ne
1025 2277 1159 2327 polito.

145 2343 198 2384 17
227 2333 417 2372 Mulieres
446 2346 566 2385 genas
595 2347 649 2372 ne
676 2334 854 2380 radunto,
887 2345 993 2371 neue
1017 2329 1154 2370 lessum
1180 2331 1332 2372 funeris
1363 2343 1461 2384 ergo

89 2386 277 2425 habento.

149 2449 195 2490 18
227 2444 385 2482 Homini
403 2455 557 2484 mortuo
579 2458 632 2483 ne
664 2442 741 2484 ossa
768 2444 919 2497 legito,
960 2457 1039 2494 quo
1068 2442 1151 2495 post
1178 2443 1295 2483 funus
1325 2443 1461 2487 faciam

89 2495 157 2534 nifi
177 2497 266 2536 belli
287 2511 511 2553 peregi-cue
530 2511 698 2539 mortuo.

148 2565 196 2605 19
227 2553 310 2600 Qui
336 2568 513 2595 coronam
544 2556 662 2608 parit,
693 2554 785 2609 ipse,
804 2555 1025 2608 pecuniane
1053 2557 1145 2603 eius,
1176 2555 1324 2593 virtutis
1353 2551 1462 2592 causa

88 2609 272 2648 arduitor.

815 2667 880 2707 Bb
909 2680 932 2719 3
1268 2677 1323 2707 20
1350 2667 1466 2704 Neue

1383 2796 1399 2811 l
