1796 3120
150 111 250 149 PRO
279 107 683 149 HYPOTHESIBVS
715 107 958 150 DIONYSII
993 106 1282 151 HALICARN.
1339 122 1453 167 2713,

68 211 213 252 Liuius.
267 211 330 252 Ad
358 212 452 251 diem
475 212 643 263 proinde
670 210 754 264 post
781 212 870 252 Idus
899 210 1124 253 Februarias
1149 212 1281 253 saltem
1310 216 1351 252 L.
1407 215 1450 256 Si

65 268 228 319 quidem
265 268 429 307 calculus
464 269 651 319 procedat
677 282 748 319 pro
783 269 997 322 rationibus
1031 269 1290 317 Varronianis‚
1310 270 1388 317 fiet,
1408 282 1453 310 vt·

65 323 191 363 Idibus
209 323 398 375 Aprilibus
418 323 578 362 inierint
596 324 711 362 huius
733 324 827 364 anni
853 323 947 376 COffi
986 323 1068 371 Qui
1089 327 1197 365 enim
1215 328 1449 367 Catonianus·

66 393 190 420 annus
211 378 266 417 est
284 392 378 433 403.
408 380 516 419 idern
538 380 795 421 Varronianus
820 379 875 418 est
892 392 985 433 402.
1013 385 1172 420 triennio
1194 393 1324 421 tamen
1346 381 1447 420 inte-

64 448 135 488 gro
144 434 257 485 fi'tum
277 434 474 475 diuersum
498 435 661 475 habens.
718 440 858 477 Annus
879 437 986 474 enim
1000 437 1260 478 Varronianus
1278 451 1372 489 402.
1392 437 1448 476 est

66 492 206 543 Olymp.
239 494 309 546 3-3-75
327 494 361 542 ς.
399 493 439 529 in
468 490 628 542 Epocha
672 489 746 529 fixa
773 492 1043 544 Olympiadum.
1099 494 1162 534 Sic
1185 494 1277 533 anni
1306 494 1451 545 Cyclici

63 550 170 589 XIII.
190 546 258 586 fini
279 548 520 586 conuenient
539 547 627 586 Idus
647 546 892 594 Februariae,
925 548 1067 598 quibus
1095 548 1323 601 Magistratu
1352 549 1452 590 abie-

62 607 116 643 rit
137 601 340 654 superioris
362 603 454 642 anni
478 602 665 650 Dictator,
684 616 762 654 quo
790 616 894 643 anno
916 603 1059 654 Cyclico
1080 605 1208 645 nullus
1235 606 1363 644 locum
1382 605 1451 645 ha-

62 659 135 699 bet
152 659 425 700 Merkedonius.
478 657 564 703 Post
593 660 698 698 diem
725 672 822 712 ergo
841 657 1041 699 Februarii
1059 664 1194 701 veteris
1216 663 1314 700 XIII.
1343 673 1452 700 ηερε-

64 716 157 755 dant
175 715 314 765 reliqui
332 713 528 754 Februarii
559 716 640 754 dies
659 717 743 755 XV.
793 716 896 754 Cum
917 715 1062 754 Mertii
1080 718 1197 756 etiam
1215 721 1347 758 veteris
1369 717 1450 756 die-

63 771 136 811 bus
161 773 294 812 XXXI.
331 769 429 809 fient
456 773 496 809 in
525 769 749 810 vniuersum
777 771 858 810 dies
890 772 1160 811 tantummodo
1188 776 1327 814 XLVI.
1386 775 1448 812 Ita

63 827 247 867 Kalendas
265 827 411 879 Apriles
444 827 807 879 praetergredietur
833 827 915 866 dies
942 828 989 867 ab
1017 826 1146 868 Idibus
1169 828 1381 868 Februariis
1401 831 1446 867 L.

62 886 120 924 Ita
140 894 284 927 tamen,
314 893 352 920 vt
370 883 461 922 Idus
491 884 637 934 Apriles
662 897 743 922 non
769 883 943 935 attIgerit
970 883 1052 927 dies
1075 884 1226 925 vltimus
1244 886 1448 936 Inter-regis

64 939 181 978 etiarn
203 939 394 986 undecimi,
419 939 466 978 ab
485 938 612 978 Idibus
630 938 845 979 Februariis
864 941 943 978 LV.
981 939 1110 982 Idibus
1138 953 1233 993 ergo
1250 941 1447 993 Aprilibus

64 995 225 1034 inierint
257 994 372 1034 huius
400 997 494 1034 anni
525 995 617 1047 Coss
648 993 676 1033 fi
704 1009 774 1047 pro
794 996 874 1045 situ
901 992 1158 1046 disponantur
1192 998 1444 1038 Varroniano,

65 1051 197 1100 Quem
217 1048 309 1090 sane
327 1050 443 1101 fitam
467 1063 676 1103 propterea
707 1050 1022 1090 verifimilIImum
1041 1049 1118 1090 effe
1142 1052 1446 1105 probant-ipims

65 1109 172 1148 Liuii
207 1106 385 1153 rationes,
416 1116 454 1144 vt
482 1119 530 1145 ex
558 1107 659 1147 infra
684 1106 858 1146 dicendis
887 1106 1085 1147 constabit.
1143 1112 1282 1159 quue
1308 1110 1446 1161 magis,

65 1163 172 1215 quod
191 1177 277 1202 cum
306 1161 376 1202 fitu
397 1163 607 1203 Catoniano
635 1176 714 1201 non
739 1161 994 1211 consentiant,
1023 1175 1143 1214 quem
1165 1174 1297 1204 tamen
1318 1164 1447 1215 sequi-

65 1232 127 1261 tur
160 1217 242 1270 ipse
263 1220 400 1259 Liuius.
460 1221 522 1261 Sic
541 1220 647 1258 enim
666 1217 745 1265 fiet,
774 1229 814 1257 vt
841 1233 893 1258 ne
917 1219 1076 1270 quidem
1098 1219 1283 1261 Kalendas
1301 1221 1447 1274 Apriles

65 1276 268 1330 attigerint
292 1276 356 1315 illa
378 1276 609 1331 Interregna.
668 1274 755 1314 Post
783 1275 869 1316 Idus
887 1276 1112 1317 Februarias
1131 1274 1367 1327 supererunt
1385 1276 1449 1316 alii

65 1333 145 1373 dies
164 1332 204 1370 in
223 1329 423 1371 Februario
445 1335 530 1373 XV.
562 1335 669 1371 Tum
686 1331 926 1372 Merkedonii
946 1345 1032 1371 cum
1042 1331 1316 1386 Appendicibus
1335 1335 1451 1372 maio-

65 1392 119 1428 ris
141 1389 181 1426 in
206 1401 310 1427 anno
345 1388 445 1438 Cycli
465 1391 565 1429 XVI.
592 1388 674 1434 dies
693 1390 872 1429 XXVIII.
930 1389 1120 1439 Denique
1147 1390 1294 1429 Martii
1312 1392 1446 1429 XXXI.

65 1446 131 1497 qui
154 1443 414 1496 superioribus
436 1444 557 1483 additi
575 1444 651 1484 dies
674 1442 883 1484 conficient
899 1446 1074 1484 LXXIV.
1109 1447 1191 1484 Imo
1212 1458 1346 1496 neque
1366 1445 1450 1495 qui-

65 1503 157 1542 dem
177 1501 266 1540 Idus
284 1502 454 1541 Martias
470 1501 710 1552 pertingent,
741 1512 835 1550 quas
856 1511 986 1539 tamen
1005 1500 1062 1539 his
1084 1500 1302 1554 Consulibus
1321 1501 1448 1553 legiti-

56 1568 143 1598 'rnas
164 1554 278 1598 fuisse
298 1570 379 1596 non
400 1556 601 1608 patiuntur
619 1556 716 1596 aliae
734 1556 833 1595 Liuii
852 1557 1019 1596 rationes
1035 1556 1138 1597 infra
1154 1557 1445 1597 memorandae.

66 1613 183 1654 Recte
205 1625 300 1665 ergo
320 1612 417 1652 haec
438 1625 460 1650 e
481 1612 590 1651 bonis
611 1613 878 1652 monumentis
900 1611 1023 1652 haufit
1033 1613 1171 1662 Liuius,
1193 1627 1294 1665 quae
1312 1624 1447 1653 tamen

65 1682 272 1723 perperam
289 1669 338 1707 ad
358 1667 439 1708 suas
459 1666 696 1719 hypotheses
725 1669 894 1707 traduxit
917 1670 1154 1709 Catonianas.

176 1732 267 1779 348.
301 1725 498 1765 Tentatum
516 1724 626 1772 domi,
643 1736 715 1776 per
731 1724 977 1773 Dic‘iatorerm
997 1738 1040 1764 vt
1059 1725 1162 1766 ambo
1183 1727 1342 1766 Patricii
1354 1726 1448 1766 Con-

53 1783 154 1835 fides
183 1794 402 1829 crearentur,
428 1795 502 1819 rem
528 1782 577 1820 ad
601 1781 858 1836 Interregnum
879 1782 1069 1833 perduxit.
1116 1782 1206 1821 Duo
1226 1783 1446 1837 Interreges.

65 1839 318 1882 Liv.VII.21.
365 1837 566 1876 Proximae
592 1836 675 1888 post
695 1837 787 1878 Idus
804 1838 950 1891 Apriles
971 1837 1157 1879 Kalendae
1177 1840 1306 1878 Maiae
1325 1848 1446 1885 erant,

67 1895 206 1946 quibus
226 1893 392 1944 proinde
411 1895 566 1932 inierint
584 1891 782 1944 sequentis
802 1895 894 1933 anni
915 1894 1009 1945 Coffi
1043 1896 1125 1933 Nec
1143 1895 1251 1933 enim
1272 1892 1450 1945 eousque

33 1974 46 1984 .·
66 1950 227 2003 pertigit
236 1949 422 1999 secundus
446 1950 627 1995 Interrex,
648 1960 686 1988 vt
702 1953 837 2002 quinos
855 1950 937 1989 dies
955 1955 1121 2004 integros
1139 1948 1332 1989 tenuifl'et.

178 2018 268 2059 340.
295 2005 559 2060 Interregnum.
587 2006 840 2056 Liv.VII.28.
868 2006 986 2054 Vnici,
1001 2018 1038 2044 vt
1061 2006 1219 2053 videtur,
1232 2007 1446 2060 Interregis.

65 2064 202 2112 Itaque
231 2076 252 2100 a
273 2059 450 2101 Kalendis
479 2062 526 2101 ad
545 2062 632 2102 Idus
650 2061 777 2102 Maias
802 2064 1026 2103 translatum
1054 2065 1171 2103 annui
1197 2062 1448 2116 Magistratus

64 2119 269 2159 exordium.

176 2186 268 2227 337.
301 2171 400 2226 Iuffis
426 2188 512 2213 ante
535 2184 675 2227 tempus
703 2173 920 2225 Consulibus
947 2174 1116 2215 abdicare
1130 2174 1176 2225 st'
1203 2174 1452 2230 Magistrum,

67 2244 136 2285 quo
156 2234 335 2270 maturius
360 2233 449 2269 noui
471 2231 640 2282 Consules
672 2231 843 2282 aduersus
860 2244 1002 2271 tantam
1019 2234 1146 2271 molem
1166 2231 1262 2271 Belli
1286 2246 1448 2271 crearen-

68 2299 154 2326 tur:
197 2286 338 2341 Religio
366 2285 509 2339 inceffit‚
538 2287 582 2326 ab
601 2289 662 2332 eis,
690 2300 850 2340 quorum
873 2290 1105 2328 imminutum
1131 2288 1327 2340 Imperium
1355 2287 1449 2340 effi’t,

69 2343 231 2382 Comitia
251 2341 387 2383 haberi.
441 2343 570 2396 Itaque
590 2345 844 2398 Inter-regnum
864 2346 1006 2384 initum.
1046 2344 1133 2384 Duo
1146 2345 1349 2399 Interreges
1359 2344 1448 2395 fite-

67 2411 172 2438 runt.
201 2398 278 2439 Liv.
291 2401 444 2450 V111.3.
492 2398 695 2439 Abdieass‘e
724 2414 811 2439 ante
840 2401 1058 2452 legitimum
1080 2401 1326 2453 Magistratus
1354 2412 1446 2439 tema

69 2468 140 2507 pus
159 2451 317 2505 elapsum
335 2455 430 2494 inde
451 2455 604 2503 constat,
628 2457 694 2507 qui
717 2457 885 2496 Comitiis
914 2457 1036 2495 futuri
1063 2458 1154 2496 anni
1185 2457 1448 2508 Consialnribus

69 2510 286 2564 praefuturi
304 2522 424 2557 erant,
445 2511 550 2561 quod
567 2507 656 2551 sane
670 2509 753 2549 'non
774 2513 924 2559 licebat,
937 2514 1102 2568 legitimo
1121 2524 1299 2564 tempore
1317 2513 1446 2566 elapso.

68 2567 158 2604 Non
179 2576 310 2604 tamen
330 2564 424 2606 inde
451 2567 728 2619 colligendum,
747 2582 832 2607 ante
852 2580 1004 2621 ternpus
1026 2570 1246 2622 legitimum
1272 2569 1446 2620 elapsum

69 2618 237 2673 coepifi'e
257 2621 521 2679 Interregnum.
551 2624 641 2668 Mos
661 2624 767 2679 enim
787 2635 877 2673 erat:
898 2622 924 2663 fi
945 2627 1101 2676 quando
1121 2628 1210 2668 noui
1230 2624 1451 2667 suffit-fiendi

1324 2679 1448 2721 efflent
