1796 3120
255 105 340 144 AD
379 92 912 143 CHRONOLOGIAM
941 102 1195 144 DIONYS.
1337 114 1449 158 2427

74 219 228 247 merum
249 208 365 246 illum
393 204 639 248 arceffiuiffet
658 206 861 254 Diodorus,
889 207 1043 247 Tzetzes
1067 208 1114 247 ab
1134 209 1238 247 exitu
1263 205 1454 258 vrbisque2

75 264 216 304 excidio
243 263 399 303 duflum
429 261 660 301 existimarit.
718 266 806 303 Huc
831 276 927 315 ergo
958 264 1084 314 potius
1107 263 1325 315 exigendos
1349 263 1448 302 alios'

74 321 240 361 Diodori
257 321 439 358 numeros
462 318 634 357 existimo
668 334 689 358 a
707 319 818 358 nobis
835 319 1017 359 adductos
1044 321 1086 357 in
1105 319 1206 358 notis
1224 320 1272 358 ad
1290 321 1449 364 Mesena-⁴

75 375 160 424 ςικᾶ,
181 387 296 426 quam
318 376 368 413 vti
386 385 467 413 tum
489 374 662 414 fecimus.
720 377 808 414 Huc
828 374 924 413 item
953 375 1170 428 exigendos
1189 374 1442 427 Eratosthenis

74 444 257 471 numeros
275 430 378 482 apud
396 433 428 458 ²⁷
442 429 962 471 ClementemAlexandrinum.
1020 433 1119 470 Nam
1136 441 1176 470 et
1192 431 1248 469 ibi
1267 443 1493 482 quoque527
1504 434 1600 469 Clem-

73 501 145 540 pro
165 485 355 526 sententia
366 486 624 537 Eratosthenis,
636 486 727 524 anni
747 486 796 524 zrd
815 487 982 524 reditum
994 487 1274 526 Heracliden-um
1296 482 1601 527 aTroiaAlAEtnto

73 542 328 595 supputantur
349 549 411 591 80.
463 543 561 581 Inde
581 542 629 581 ad
639 542 801 580 Ionicum
820 541 1009 581 coloniam
1029 546 1095 584 60.
1130 545 1236 581 Tum
1257 543 1448 595 deinceps

71 599 118 639 ad
138 599 297 638 tutelam
317 598 482 653 Lycurgi
501 610 587 651 159.
607 597 680 636 ἐπὶ
700 595 737 636 δὲ
753 595 973 643 προηγέμενον
993 598 1154 650 (inquit)
1177 596 1247 642 ’ἔτος
1266 602 1332 637 τῶν
1353 598 1442 645 προέ-

72 671 132 692 των
149 657 341 703 Ὀλυμπίων,
364 653 420 698 ἔτη
445 654 565 692 ἕκατδν
587 652 682 692 dnm.
739 652 801 692 Sic
822 653 928 692 enim
949 653 1205 692 recensentur
1226 655 1275 694 ad
1293 669 1438 702 annum,

73 710 140 762 qui
163 710 329 763 Olympia
356 710 478 762 prima
501 706 695 762 praecellit,
721 708 813 746 anni
832 719 924 761 407.
982 709 1065 748 Erit
1084 721 1178 761 ergo
1203 724 1327 749 annus
1345 711 1439 762 ipse,

75 767 141 818 qui
163 767 334 819 Olympia
352 767 530 818 proxime
548 764 755 816 praecellit,
787 778 807 803 a
834 766 946 804 Troia
965 771 1058 816 408.
1080 777 1157 814 quo
1176 778 1438 816 exeunte,mox

72 822 164 862 anni
186 837 206 861 a
224 823 335 861 Troia
356 834 450 874 409.
481 823 589 860 initio
615 820 737 870 prima
755 820 946 859 celebrata
962 821 1111 859 suerint
1133 821 1310 873 Olympia.
1361 825 1438 862 Ve-

74 892 136 917 rus
156 890 250 929 ergo
271 877 332 916 hic
348 876 411 924 est,
434 889 553 928 quem
578 875 767 921 dedimus,
792 875 968 914 calculus.
1027 876 1171 916 Saltem
1192 891 1261 928 pro
1283 876 1439 917 senteu-

73 934 125 974 tia
141 932 314 983 Dionyfi'i
332 947 430 980 vera,
450 942 646 982 vtcunque
666 929 817 970 diuersa
836 930 1039 970 videantur
1061 930 1235 971 eiusdem
1255 934 1369 973 verba
1389 934 1438 973 de

72 1002 175 1029 anno
195 988 240 1027 ab
267 989 418 1028 excidio
437 988 501 1028 Ilii
517 1001 610 1042 432.
640 999 716 1037 quo
735 986 828 1026 iaua
854 986 1005 1026 fuerint
1022 988 1120 1027 vrbis
1142 989 1329 1030 Romanae
1349 990 1438 1029 fun-

70 1045 264 1084 damenta.
1069 1079 1079 1082 -
1459 1070 1465 1071 ff

180 1102 312 1140 Nexus
335 1111 430 1152 ergo
451 1099 588 1140 harum
608 1098 771 1138 duarum
792 1095 1001 1138 formarum
1022 1099 1127 1138 hunc
1145 1098 1184 1138 se
1207 1099 1376 1141 habebat
1391 1102 1431 1140 in
1484 1117 1513 1151 §—
1527 1118 1558 1153 g.

69 1156 241 1195 modum.
300 1157 390 1207 Qua
420 1155 517 1195 haec
542 1153 719 1194 succeffio
749 1155 856 1194 annis
877 1155 1079 1195 Metonicis
1101 1157 1316 1197 claudenda
1339 1159 1545 1211 e1·at‚Rv⁷ntf

69 1214 137 1263 qui
164 1214 311 1251 initium
355 1211 552 1251 habebant
579 1211 625 1250 ab
662 1212 986 1261 Hecatombaeone‚
1012 1212 1153 1251 Amulii
1180 1226 1303 1252 annus
1333 1205 1579 1278 XL11.{,‘³¹J,‘¹3‘²

70 1268 255 1318 idemque
274 1280 412 1320 regum
421 1266 649 1306 Albanorum
663 1268 824 1314 vlumus,
838 1267 1068 1320 Olympiadis
1088 1281 1134 1308 v1
1152 1282 1276 1308 annus
1295 1279 1378 1308 erat
1395 1283 1431 1323 4.
1448 1251 1600 1326 agn‘il'blfs

71 1324 173 1365 Cum
203 1337 250 1362 eo
269 1323 548 1363 terminabatur
568 1337 691 1362 annus
720 1338 741 1363 a
763 1324 877 1363 Troia
895 1337 988 1378 432.
1027 1324 1175 1363 Primus
1193 1337 1289 1376 ergo
1312 1326 1433 1377 Olym·
1449 1340 1597 1371 Numito-

61 1380 183 1433 piade's
211 1392 289 1420 vn.
313 1393 436 1419 annus
462 1394 483 1418 a
510 1379 625 1418 Troia
649 1391 743 1432 433.
771 1390 871 1427 erat,
903 1392 943 1418 et
965 1380 1166 1420 Numitori
1189 1380 1430 1427 tribuendus,
1446 1384 1502 1419 νὺ»
1536 1394 1597 1433 pto

68 1449 146 1487 quo
165 1449 235 1475 nos
246 1431 347 1475 vrbis
364 1435 617 1475 fundamenta
632 1434 751 1487 polita
769 1435 1013 1483 ostendimus,
1025 1450 1094 1488 pro
1105 1446 1240 1475 mente
1250 1425 1601 1503 Dionyfi‘i.¹})ff¹se¹¹t¹f¹

69 1494 225 1542 Nempe
255 1490 446 1538 Palilibus,
472 1503 573 1541 quae
601 1505 696 1532 anno
724 1492 787 1532 illo
808 1492 1043 1544 contigerint
1064 1505 1189 1544 paene
1209 1507 1368 1543 exeunte,
1395 1472 1603 1549 etcl'ss'lssssssf}

63 1550 246 1602 proximo,
277 1549 343 1598 qui
372 1545 625 1598 sequebatur,
646 1561 767 1586 enno
799 1548 954 1587 Iuliano.
1012 1550 1069 1588 Ita
1093 1548 1247 1596 factum,
1278 1560 1316 1588 vt
1340 1549 1598 1604 ειηῃίᾱςχσμέυρ

74 1603 220 1651 Graeci,
256 1617 352 1655 quos
380 1616 466 1642 cum
493 1603 649 1654 Epocha
680 1604 849 1643 Romana
875 1604 1079 1643 contendit
1109 1603 1326 1658 Dionystus,
1352 1610 1569 1645 cumr-'alitia

71 1660 266 1709 Romanis,
305 1659 445 1710 quibus
474 1659 752 1705 conferuntur,
789 1670 943 1711 partem
977 1663 1164 1700 minimam
1191 1675 1439 1701 communem
1453 1662 1570 1728 {icem-

72 1715 252 1754 habeant.
310 1715 350 1756 Si
377 1715 540 1765 quidem
560 1730 581 1754 a
603 1716 781 1754 Ianuario
811 1714 1029 1754 censendus
1051 1714 1146 1754 efl'ct
1172 1730 1295 1758 annus
1313 1719 1440 1759 Roma·
1455 1705 1556 1772 ixii:

71 1783 150 1819 nus,
178 1772 229 1809 ita
248 1783 394 1810 annum
413 1770 616 1810 Romanum
644 1773 800 1811 medium
820 1771 1055 1811 diuiderent.
1113 1772 1203 1821 Qua
1224 1785 1353 1813 autem
1370 1775 1440 1815 Ro·
1451 1788 1575 1827 Diony-

71 1839 198 1866 manus
223 1839 347 1865 annus
375 1841 396 1866 a
419 1827 508 1865 Vere
536 1825 733 1873 censetur,
764 1826 812 1865 fic
840 1828 934 1867 vltra
963 1840 1136 1881 quartum
1164 1831 1255 1869 anni
1278 1830 1523 1871 Romanistus·

70 1878 226 1933 mensem
243 1894 322 1919 non
339 1882 582 1934 pertingunt.
640 1884 701 1922 Sic
719 1880 992 1933 consequetur,
1012 1894 1048 1921 vt
1064 1884 1290 1925 Graecorum
1307 1890 1440 1926 Anna-

71 1938 167 1976 IIum
190 1950 275 1988 pars
290 1938 410 1990 longe
428 1941 586 1977 maxima
606 1938 654 1976 ad
674 1952 819 1977 annum
834 1941 961 1989 potius
974 1941 1243 1991 praecedentem
1266 1942 1441 1981 referen-

74 1994 122 2033 da
138 1991 191 2040 sit,
223 2005 339 2042 quam
368 1993 414 2032 ad
434 2005 536 2039 eum,
567 2007 654 2032 cum
675 2006 753 2044 quo
783 1994 1042 2035 conferuntur
1061 2011 1080 2034 a
1100 1996 1294 2048 Dionyfi'o.
1350 2000 1443 2037 Erat

73 2049 179 2087 enim
212 2048 347 2087 Graeci
373 2050 463 2087 anni
482 2063 569 2100 pars
588 2049 650 2088 illa
665 2050 845 2101 superior
872 2051 988 2090 rebus
1011 2054 1181 2106 gerendis
1200 2054 1321 2106 longe
1342 2067 1441 2092 corn·

70 2105 232 2144 modior.
292 2104 412 2152 Quod
429 2103 567 2142 merito
587 2103 809 2145 obseruabit
829 2106 1001 2156 prudens
1015 2108 1157 2154 reum,
1170 2110 1323 2158 quoties
1334 2111 1443 2149 Grae-

71 2173 131 2200 cae
148 2159 325 2200 historiae
352 2173 438 2199 cum
455 2160 633 2199 Romanis
651 2161 920 2200 conseruntur.
976 2164 1102 2214 quue
1120 2179 1141 2203 a
1157 2165 1335 2216 Dionyfi'o
1357 2179 1442 2217 per-

70 2225 192 2267 petuo
213 2214 461 2255 obseruatum
493 2215 556 2260 est,
587 2227 624 2254 vt
649 2218 741 2255 anni
761 2218 1016 2269 Olympiadum
1044 2233 1234 2259 annorum
1262 2222 1442 2261 Romano-

71 2283 155 2310 rum
182 2273 302 2311 initiis
332 2269 614 2322 respondeant,
645 2285 721 2322 qua
745 2274 838 2312 a‘nni
857 2272 1018 2313 Romam·
1046 2291 1067 2314 a
1086 2276 1177 2315 Vere
1197 2276 1298 2315 inire
1318 2277 1443 2316 existi-

71 2337 235 2366 mantur.
295 2326 438 2376 Estque
471 2326 561 2366 sane
600 2328 716 2367 rebus
758 2330 965 2369 Annalium
1003 2331 1188 2370 continuo
1230 2335 1441 2382 narrandis,

72 2390 286 2432 rerumque
313 2381 506 2434 gestarum
535 2395 693 2423 naturae
721 2388 1149 2426 accommodatissimum
1179 2391 1326 2428 initium
1349 2392 1440 2427 anui

72 2452 93 2476 a
118 2438 216 2485 Vere,
247 2448 285 2475 vt
312 2438 449 2486 Hyeme
480 2440 808 2479 concluderentur
834 2455 893 2481 res
918 2443 1048 2495 gestae
1076 2457 1227 2490 annuae,
1256 2459 1342 2483 cum
1362 2444 1442 2484 sese

71 2492 110 2529 in
132 2491 279 2531 hiberna
299 2493 473 2543 recipere
495 2493 619 2533 solent
635 2497 838 2535 exercitus.
862 2500 978 2537 Hunc
996 2499 1100 2537 enim
1122 2501 1288 2551 proinde
1308 2515 1446 2539 annum

70 2546 138 2585 fibi
167 2548 315 2599 delegit
352 2547 576 2599 Thucydides
609 2547 684 2602 pro
711 2553 912 2592 Annalium
952 2553 1108 2594 suorum
1143 2570 1274 2594 norma
1303 2558 1441 2606 potius,

71 2615 188 2655 quam
205 2603 325 2651 illum,
355 2606 423 2655 qui
441 2615 524 2645 tum
541 2619 700 2659 quoque
721 2607 913 2662 delignari
932 2607 1080 2650 solebat
1105 2623 1177 2663 per
1194 2612 1443 2666 Magistratus

1279 2682 1434 2718 annuos,

1398 2808 1413 2824 l
