1796 3120
322 126 433 171 2712
491 116 682 156 NOTAE
715 115 791 155 AD
823 113 1093 176 CHR02N0L.
1125 113 1641 156 GRAECO-ROMANAM

323 220 439 272 ipsius
465 219 612 260 Camilli
633 219 769 258 verba:
810 218 883 258 Hic
909 231 987 258 cum
1013 231 1200 274 augurato
1226 218 1444 260 liberaretur
1473 219 1707 273 Capitolium,

324 278 505 317 quentas
531 274 794 328 Terminusque
821 278 982 314 maximo
999 275 1136 331 gaudio
1159 277 1314 315 Patru'm
1338 277 1544 329 nostrorum
1568 276 1710 315 moueri

311 333 359 386 fi
377 347 451 372 non
465 330 567 386 paffi.
587 331 723 371 Liv.V.
737 343 800 385 54.
831 331 990 370 Patrum
1009 331 1222 371 memoriae
1242 332 1385 379 tribuit,
1417 333 1524 383 quod
1541 333 1712 372 tredecim

323 400 441 428 antea
460 391 568 426 annis
586 387 763 439 contigit,
784 399 902 438 quam
921 386 1004 440 ipse
1022 386 1246 439 ntfieretur.
1304 390 1391 427 Hoc
1408 390 1524 428 etiam
1546 388 1710 427 omnino

324 442 411 483 salis
431 444 647 482 commode.

438 512 530 553 353.
569 499 697 538 Huius
722 498 816 538 anni
838 498 963 550 stmm,
995 496 1117 549 q'ualis
1156 497 1195 537 in
1225 498 1359 539 nostris
1397 498 1715 551 repraesentatur

323 555 511 607 Epocbae
535 556 761 595 Catonianae
786 554 956 602 Tabulis,
986 555 1116 593 multis
1146 557 1246 595 notis
1278 554 1451 608 agnoscit
1468 554 1550 606 ipse
1570 557 1708 594 Liuius.

323 611 455 654 Rediit
475 623 609 651 autem
632 612 680 650 ad
700 611 970 665 Interregnum,
994 609 1123 662 elapso
1144 611 1328 649 nimirum
1354 612 1567 662 Consulatus
1587 612 1710 650 limite

326 669 500 722 legitimo.
558 668 683 708 Serius
715 680 811 719 ergo
824 669 1021 720 proximos
1046 667 1086 705 in
1108 666 1337 719 Magistratu
1366 667 1460 719 Coss?
1482 666 1623 719 iniuiffie
1642 679 1710 706 ne-

323 722 427 763 cefl'e
453 722 518 762 est.
574 723 728 778 Qanto
744 721 872 770 serius,
891 722 1036 761 exinde
1055 721 1242 762 discimus.
1293 724 1365 763 Sex
1385 720 1565 762 numerat
1578 723 1715 763 Liuius

324 780 546 835 Interreges.
586 776 712 819 Lirem
733 779 839 817 enim
859 777 1103 829 subsecundo
1131 780 1319 834 Interrege
1348 790 1471 818 ortam
1496 779 1712 819 mouebant

330 836 492 875 Tribuni
521 834 653 876 Plebis.
701 835 763 875 Sic
791 845 933 881 tamen,
952 846 990 873 vt
1019 837 1270 875 intercedendo
1289 837 1445 875 Tribuni
1479 836 1578 875 nihil
1599 835 1709 882 aliud,

324 904 436 946 quam
459 906 502 931 vt
523 891 711 943 diffirrent
729 892 898 935 Comitia,
927 891 1101 931 valerent.
1129 894 1216 931 VII.
1236 903 1294 944 17.
1351 895 1437 931 Hoc
1453 892 1546 931 inde
1568 891 1712 943 colligi-

323 962 422 995 mus,
453 959 491 986 vt
511 948 586 987 hoc
607 947 740 988 saltem
759 945 916 986 afl'ecuti
943 947 1103 994 fuerint,
1136 960 1189 986 ne
1209 959 1300 987 ante
1310 947 1463 1001 sextum
1483 948 1713 1002 Interregem

325 1003 517 1045 Consules
545 1017 769 1044 crearentur.
826 1002 995 1043 Proinde
1013 1002 1091 1055 post
1111 1004 1192 1043 dies
1213 1006 1376 1058 quinque
1395 1005 1570 1056 priorum
1591 1005 1710 1044 luter-

323 1074 453 1116 regum
471 1063 590 1101 XXV.
610 1070 650 1099 et
673 1071 805 1100 tamen
821 1069 912 1099 ante
932 1059 1038 1098 diem
1048 1060 1151 1110 sixti
1171 1062 1383 1112 Inter-regis
1402 1062 1573 1099 ultimum
1592 1060 1708 1099 XXX.

323 1117 494 1169 proximi
514 1119 629 1156 creati
650 1115 739 1156 sunt
762 1115 856 1165 Coffi
883 1113 976 1154 Dies
996 1115 1042 1154 ab
1062 1113 1190 1155 Idibu‘s
1209 1116 1394 1155 Ianuariis
1404 1120 1523 1161 XXV2
1551 1115 1708 1156 Februa-

323 1175 379 1213 rii
395 1175 530 1213 veteris
550 1176 613 1213 lx.
641 1182 734 1212 erat.
790 1171 967 1211 Kalendis
987 1184 1082 1225 ergo
1113 1171 1325 1212 Februariis
1351 1172 1454 1211 inire
1478 1185 1529 1211 ne
1549 1172 1710 1224 quidem

325 1239 512 1281 poterant
536 1229 589 1268 ita
621 1229 738 1269 creati
757 1226 859 1268 Cofl'.
904 1226 1032 1267 Idibus
1064 1240 1196 1268 autem
1221 1228 1436 1269 Februariis
1466 1242 1544 1281 quo
1580 1228 1710 1266 minus

325 1285 487 1332 inirent,
508 1285 607 1323 nihil
628 1283 720 1325 sane
740 1283 871 1331 obstat,
900 1296 1002 1334 quae
1019 1284 1059 1322 in
1082 1285 1320 1338 penultimum
1338 1286 1588 1324 incurrebant
1601 1284 1710 1336 fi’xn‘

324 1341 542 1393 Interregis
559 1341 664 1380 diem.
723 1341 800 1380 Vix
821 1340 928 1379 enim
947 1340 1030 1379 aliis
1049 1341 1196 1388 diebus,
1217 1355 1333 1392 quam
1353 1340 1540 1388 Kalendis,
1558 1342 1617 1379 vel
1634 1340 1713 1380 Idi·-

325 1397 514 1444 bus,inire
537 1411 620 1436 mos
640 1408 732 1437 erat.
788 1395 852 1436 Est
873 1396 979 1435 enim
996 1397 1187 1452 singulare
1209 1398 1436 1448 exemplum
1452 1398 1493 1435 in
1511 1397 1620 1436 Liuio
1640 1398 1708 1436 III.

327 1462 364 1504 8.
395 1453 592 1504 facileque
610 1454 830 1500 admodum,
859 1463 896 1491 vt
916 1452 1096 1493 Librario
1122 1454 1249 1505 potius
1276 1453 1551 1505 imputandum
1577 1453 1708 1499 fuerit,

326 1523 447 1560 quam
472 1510 540 1561 ipfi
561 1511 680 1549 Liuio.
736 1513 818 1548 Irno
846 1511 898 1548 ita
918 1508 987 1547 fibi
1016 1509 1266 1561 respondent,
1295 1523 1365 1560 pro
1396 1509 1453 1548 his
1482 1509 1708 1555 rationibus,

325 1564 447 1618 spatia
466 1566 568 1604 Liuii
587 1565 909 1616 extrema,(quod
929 1564 1030 1605 infra
1051 1564 1256 1619 constabit)
1275 1575 1312 1603 vt
1331 1578 1412 1604 non
1433 1565 1545 1605 aliter
1563 1563 1604 1604 se
1624 1577 1708 1604 rem

327 1620 504 1662 habuifl'e
526 1621 621 1661 mihi
643 1621 756 1661 facile
772 1618 1038 1673 persuadeam.

438 1691 532 1733 349.
567 1678 807 1718 Prolatandis
833 1678 1010 1724 comitiis,
1041 1690 1117 1716 cum
1141 1677 1318 1718 Die‘t'ator
1335 1676 1571 1731 Magistratu
1597 1674 1710 1728 abiis-

317 1734 389 1791 fit,
407 1749 462 1774 res
483 1735 532 1774 ad
551 1735 805 1789 Interregnum
827 1733 948 1773 rediit.
962 1733 1139 1776 Liv.VII.
1155 1746 1218 1775 21.
1250 1735 1410 1774 Comitia
1432 1747 1515 1772 non
1534 1733 1597 1772 diu
1615 1743 1709 1772 ante

324 1795 418 1831 anni
447 1791 606 1846 legitimi
630 1789 751 1829 finem
775 1790 910 1830 haberi
929 1787 1053 1837 solita,
1083 1791 1205 1829 multa
1227 1791 1371 1830 docent
1401 1790 1539 1828 horum
1560 1800 1708 1841 tempo-

327 1861 416 1887 rum
438 1848 628 1898 exempla,
656 1847 697 1885 in
717 1847 858 1897 quibus
875 1857 1009 1884 morae
1028 1860 1107 1885 non
1128 1847 1337 1887 admodum
1357 1845 1530 1885 diutinae
1549 1846 1710 1885 Interre-

325 1905 387 1959 gis
418 1903 655 1942 occasionem
681 1902 874 1955 dederint.
933 1901 1103 1941 Proinde
1123 1902 1236 1955 finem
1268 1902 1360 1941 anni
1384 1900 1593 1952 Consularis
1614 1900 1709 1953 legi⁴

329 1961 412 1999 timi
440 1958 546 1997 hunc
575 1956 688 1997 fuifi'e
716 1957 1033 1997 verisimillimum
1055 1958 1119 1996 est.
1179 1959 1292 1997 Idem
1314 1957 1458 1996 exinde
1481 1957 1706 2010 colligimus,

326 2015 437 2067 quod
452 2014 587 2054 abierit
607 2013 837 2066 Magistratu
858 2014 1050 2061 metator,
1070 2028 1153 2053 non
1175 2025 1305 2053 autem
1325 2013 1517 2052 abdicarit.
1567 2017 1708 2052 Exem-

325 2073 394 2126 plo
422 2071 529 2109 enirn
549 2070 694 2110 Camilli
720 2086 741 2110 a
759 2072 906 2110 Senatu
929 2069 1066 2117 coaffl,
1096 2083 1148 2109 ne
1176 2080 1267 2110 ante
1295 2083 1428 2109 annum
1452 2070 1708 2108 circumac‘lum

327 2127 534 2172 abdicarer,
556 2127 602 2165 ad
622 2129 708 2166 anni
729 2126 924 2176 deinceps,
954 2139 1032 2176 quo
1062 2126 1220 2165 fuerant
1239 2126 1336 2173 dieti,
1359 2125 1475 2176 finem
1495 2136 1634 2163 tenere
1653 2122 1708 2163 so-

325 2184 466 2223 lebant
484 2182 702 2222 Dffiatores
723 2184 778 2221 rei
796 2183 973 2237 gerendae
992 2180 1100 2221 causa
1126 2182 1256 2227 creati,
1290 2193 1526 2232 quacunque
1546 2180 1708 2233 demum
1726 2200 1733 2203 -’

328 2239 423 2279 anni
447 2250 559 2292 parte
588 2238 829 2277 Diffiaturam
856 2235 1116 2289 suscepissent.
1174 2241 1261 2276 Hoc
1288 2248 1392 2276 certe
1419 2249 1522 2275 anno
1553 2236 1604 2275 ita
1623 2249 1707 2274 rem

327 2292 458 2340 fuiffe,
478 2295 537 2333 vix
566 2295 638 2332 vlla
665 2292 792 2332 subest
821 2293 1023 2333 dubitandi
1045 2293 1152 2332 ratio.
1211 2294 1315 2332 Cum
1335 2292 1442 2330 enim
1464 2293 1591 2331 nullus
1613 2289 1708 2330 esset

327 2352 369 2390 in
387 2349 599 2402 Republica
616 2349 810 2395 Dic‘lator,
841 2349 957 2388 rediit
977 2351 1040 2387 Ius
1062 2349 1256 2398 Consulum
1283 2347 1331 2387 ad
1352 2349 1516 2387 Comitia
1535 2348 1707 2398 Confidm

328 2408 400 2449 ria.
460 2407 563 2445 Cum
588 2404 645 2443 his
671 2416 769 2456 ergo
787 2404 905 2443 atim-i
932 2399 1090 2443 fuissent
1117 2404 1271 2444 Tribuni
1290 2403 1419 2451 Plebis,
1448 2403 1475 2441 fi
1501 2416 1592 2443 ante
1618 2405 1707 2442 anni

331 2461 546 2514 Consularis
571 2459 690 2498 finem
709 2461 890 2500 Dierator
905 2460 1134 2511 Magistratu
1156 2458 1326 2499 cessisset.
1380 2462 1420 2502 N
1423 2473 1466 2498 ec
1486 2462 1603 2498 vllum
1620 2457 1707 2498 suis·

327 2517 388 2559 set
415 2519 688 2571 Interregnums
712 2516 806 2554 dum
833 2514 1074 2567 superessent
1097 2518 1139 2555 in
1162 2516 1373 2567 Republica
1402 2515 1581 2565 Consules.
1637 2516 1709 2554 Ita-

331 2587 410 2624 que
428 2573 511 2625 post
543 2574 633 2613 Idus
648 2570 869 2611 Februarias
890 2573 990 2611 inire
1011 2570 1166 2610 necefl‘e
1189 2582 1272 2610 erat
1287 2570 1477 2624 siquenm
1496 2571 1587 2610 anni
1606 2570 1708 2610 Con-

333 2629 444 2674 sules.
482 2630 548 2671 Ad
562 2629 783 2672 vndecimum
801 2627 1025 2685 Interregem
1031 2627 1282 2681 seditionibus
1303 2641 1484 2669 certatum
1502 2627 1558 2682 est,
1567 2626 1707 2723 linquit

1616 2694 1707 2722 utus.
