1796 3120
310 113 510 156 LEGES
555 114 746 155 VETT.
776 107 1227 155 ‘ROMANO'RVM
1328 98 1467 167 '2367

144 227 167 271 8
200 220 319 270 onr,
336 219 572 272 farreatione
594 223 675 260 viro
697 221 828 269 iunfia,
859 222 899 259 in
918 219 1030 270 stzcra
1049 231 1085 258 et
1103 216 1194 258 bona
1223 218 1462 258 eiusvenito:

87 280 147 319 ius
168 279 385 317 deuortendi
400 291 441 315 ne
464 277 543 328 esto,

144 347 170 388 9
203 334 242 372 Si
262 333 428 386 stuprum
454 332 637 384 commistt,
667 331 810 371 aliudue
836 332 927 385 qm’d
955 329 1131 384 peccaffit,
1159 332 1314 370 maritus
1350 331 1463 370 iudex

87 404 125 432 et
143 390 281 430 vindex
299 389 393 440 esto.-
422 390 530 442 deque
549 404 586 427 co
608 401 686 427 cum
715 391 876 442 cognatis
899 401 1008 443 cogno
1031 392 1114 426 cito.

92 453 95 456 “
143 459 198 489 10
225 447 407 484 Temetum
423 448 554 485 mulier
572 459 615 484 ne
632 443 761 483 bibito,

150 515 197 544 11
228 502 343 556 Quod
361 514 486 541 nutum
503 504 587 549 erit,
612 513 782 553 parentes
800 498 982 539 tollunto:
1006 497 1220 552 monstrofhs
1241 510 1359 539 tamen
1373 509 1462 551 pnr-

26 592 44 608 z
88 566 152 601 tus
171 558 372 610 fisi-aude
391 560 527 611 exponi
541 558 611 610 fas
629 556 709 608 esto.

138 620 199 656 '12
228 616 274 654 In
294 613 426 654 liberos
443 614 620 667 Jicprema
635 624 784 666 patrum
801 611 1004 651 auotoritas
1033 610 1126 663 esto:
1152 610 1381 660 venumdare‚
1411 623 1464 651 oc·

65 675 67 677 ’
91 672 210 712 cidere
239 673 360 710 liceto.

439 761 648 800 VERBA
693 758 836 798 IPSA
884 757 1120 796 LEGVM.

154 846 201 886 13
233 834 270 874 Si
290 843 403 885 pater
424 830 543 871 filiom
564 842 624 870 ter
644 828 888 875 venumduit,
909 827 1009 867 filius
1033 843 1051 867 a
1071 838 1183 878 patre
1200 826 1300 867 liber
1318 827 1409 868 esto.

153 904 203 944 14
232 891 296 930 S'ei
317 901 416 940 puer
433 889 629 938 parenteis
648 885 829 930 verberit,
857 883 910 924 ast
931 885 1019 922 oloe'
1048 884 1263 935 ploraffint,
1292 897 1391 936 puer
1414 883 1466 924 di-

93 947 172 986 veis
192 956 398 998 parentum
418 942 522 982 sacer
540 942 638 981 esto:
658 942 721 982 Sei
743 953 872 987 nurus,
889 939 984 979 sacra
1007 940 1128 978 diuess
1150 952 1356 990 parentum
1378 940 1468 979 esto.

158 1015 206 1056 15
236 1004 424 1040 Patronus
443 997 469 1036 fi
488 999 616 1037 clienti
637 999 817 1037 fraudem
836 995 954 1043 fauit,
991 994 1094 1035 sacer
1115 995 1206 1033 esto.

94 1079 98 1083 ·
153 1063 200 1101 16
231 1055 441 1096 Duumuiri
473 1054 790 1105 perduellionem
815 1054 1008 1092 iudicent:
1051 1050 1076 1088 fi
1096 1067 1116 1090 a
1139 1051 1354 1090 duumuiris
1382 1065 1470 1103 pro·

95 1113 255 1155 vocarit,
299 1110 579 1163 prouocatione
623 1120 779 1149 certato.
835 1109 875 1149 Si
902 1108 1076 1153 vincent,
1117 1119 1230 1158 caput
1262 1108 1468 1156 obnubito‚

94 1169 222 1209 arbori
241 1167 387 1207 infelici
407 1164 651 1217 suspendite:
683 1165 888 1205 verberato
908 1165 969 1203 vel
991 1164 1090 1202 intra
1111 1164 1381 1214 pomoerium,
1408 1164 1468 1203 vel

98 1235 207 1265 extra
224 1223 483 1277 pomoerium.
967 1226 970 1229 ·

357 1324 591 1363 NVMAE
649 1322 941 1369 POMPILII
997 1319 1207 1361 LEGES.

205 1397 341 1444 Numa,
378 1399 432 1434 ait
451 1394 661 1446 Dionyfius‚
689 1394 839 1435 Romuli
864 1393 955 1449 leges
983 1390 1170 1445 firmauit,
1200 1405 1313 1432 nouas
1337 1390 1412 1444 ips}
1431 1390 1473 1432 de

95 1451 230 1495 ritibus
250 1467 284 1492 et
304 1452 478 1504 ministris
494 1452 694 1502 fizcrorum
715 1453 902 1490 adiunxit.
959 1450 1148 1496 Curiones,
1177 1449 1366 1495 Flamines,
1397 1452 1472 1487 Aua

95 1523 214 1567 gures,
247 1508 410 1560 Vestales,
438 1508 568 1553 Salios,
600 1507 766 1555 Fetiales,
797 1504 990 1558 Ponttfices
1015 1506 1187 1558 instituit.
1246 1507 1380 1560 Legum
1407 1505 1471 1545 ali-

98 1579 190 1621 quot
208 1565 320 1605 verba
341 1565 426 1604 haec
444 1567 704 1617 reperiuntur:

159 1635 176 1665 1
215 1622 283 1661 Dis
304 1633 353 1658 ex
372 1622 559 1672 imputata
579 1622 654 1658 vite
674 1632 726 1658 ne
747 1618 907 1658 libanto.

157 1691 183 1720 2
213 1678 320 1717 Vino
341 1690 481 1729 rogum
506 1689 559 1714 ne
580 1675 809 1728 respergiro.

157 1747 179 1787 3
213 1730 359 1778 Pisceis,
373 1734 463 1782 quei
487 1728 673 1782 squamosi
696 1745 777 1769 non
799 1729 893 1777 sunt,
924 1728 987 1769 nei
1008 1729 1223 1782 pollucem:
1254 1724 1473 1780 squamosos

104 1789 257 1829 omneis
277 1800 434 1839 praeter
457 1786 599 1826 scarum
626 1788 835 1839 polluceto.

157 1859 184 1899 4
215 1844 367 1892 Quoius
390 1841 567 1894 auspicio,
586 1841 697 1882 classe
717 1841 921 1893 procinfia,
942 1842 1096 1893 opeima
1119 1838 1236 1891 spolia
1257 1841 1473 1891 capiuntur,

100 1902 186 1942 Ioui
207 1899 380 1940 Feretrio
401 1900 544 1938 bouem
566 1899 728 1938 caedito.
788 1898 894 1949 Quei
914 1898 1025 1949 cepit,
1045 1898 1141 1937 aeris
1162 1897 1330 1935 ducenta
1350 1897 1478 1936 darier

104 1967 299 2010 oporteto.

158 2011 338 2053 Secunda
366 2007 481 2061 spolia
510 2008 551 2048 in
572 2010 710 2049 Martis
732 2022 834 2049 aram
854 2007 894 2047 in
917 2021 1053 2060 campo
1080 2005 1298 2046 solitaurilia
1316 2017 1397 2047 vtra
1416 2021 1478 2047 voe

103 2068 219 2109 luerit
242 2067 403 2106 caedito.

159 2124 294 2162 Tertia
326 2120 443 2173 spolia
466 2125 559 2161 Iano
578 2121 748 2170 Quirino
774 2133 921 2173 agnum
950 2132 1096 2160 marem
1126 2118 1288 2159 caedito.
1320 2128 1480 2158 centum

106 2180 173 2233 qui
193 2179 341 2230 ceperit
363 2190 412 2216 ex
431 2191 523 2218 aere
545 2178 645 2217 dato.

161 2249 184 2289 ς
216 2235 297 2282 Qui
319 2235 530 2272 terminum
550 2233 735 2280 exaraffit‚
767 2230 870 2284 ipsus
890 2243 929 2271 et
949 2231 1070 2271 boues
1093 2230 1209 2272 sacrei
1230 2230 1353 2272 sunto.

159 2294 186 2334 6
216 2291 255 2331 Si
277 2290 360 2340 quis
382 2290 583 2328 hominem
603 2290 765 2328 liberem
786 2289 876 2327 dolo
899 2286 1018 2328 sciens
1038 2291 1149 2328 morti
1179 2289 1280 2335 duit,
1312 2285 1481 2340 paricida

110 2345 212 2385 esto:
242 2344 269 2383 fi
290 2346 526 2398 imprudens,
558 2356 640 2385 turn
657 2346 698 2384 in
718 2345 906 2384 concione
929 2359 999 2396 pro
1029 2346 1154 2397 capite
1182 2343 1290 2384 occiii
1316 2355 1356 2382 et
1382 2343 1481 2382 natis

109 2402 192 2441 eius
215 2402 376 2440 arietem
393 2401 548 2440 offerto.

163 2470 191 2508 7
221 2457 354 2495 Pellex
387 2461 396 2479 ¹
416 2472 518 2496 aram
537 2458 698 2497 Iunonis
721 2468 773 2495 ne
791 2455 933 2509 tagito:
960 2454 986 2493 fi
1008 2457 1113 2509 tagit,
1144 2456 1287 2495 Iunoni
1309 2455 1475 2493 crinibus
1490 2461 1503 2486 ¹
1525 2452 1567 2484 ²¹·
1582 2461 1635 2487 ie·

109 2511 274 2553 demiffis
292 2524 436 2565 agnum
456 2513 664 2553 faeminam
688 2514 848 2553 caedito.
1487 2501 1576 2563 dem:

167 2575 189 2618 8
217 2568 279 2607 Sei
303 2568 502 2607 hominem
524 2569 662 2608 fulmin
680 2572 782 2607 louis
803 2566 937 2616 occifir,
962 2581 1013 2606 no
1034 2566 1143 2618 supra
1164 2579 1296 2620 genua
1317 2565 1452 2603 rollito.

224 2625 353 2663 Homo
375 2622 400 2662 fi
419 2623 585 2682 fulmine
607 2624 748 2664 occisus
769 2625 856 2669 elit,
886 2627 919 2663 ei
940 2625 1033 2675 justa
1055 2626 1157 2663 nulla
1181 2622 1264 2662 fieri
1284 2632 1479 2672 opor-teto,

847 2683 874 2720 B
889 2682 911 2719 b
943 2692 968 2721 2
1288 2680 1312 2718 S
1324 2680 1355 2717 E
1366 2679 1400 2715 N
1412 2678 1435 2718 S
1449 2679 1484 2717 A

1406 2793 1422 2808 A
