1796 3120
325 139 458 186 2686·
493 140 684 178 NOTAE
715 139 790 178 AD
823 137 1097 178 CHRONOL.
1117 138 1647 182 GRAEco-ROMANAM

329 241 469 281 limites
498 251 639 280 tenere
658 256 680 279 a
697 239 1017 294 Senatusconfidto
1048 238 1313 292 praescriptos.
1370 244 1428 282 Ita
1456 243 1507 281 ad
1529 242 1612 280 Idus
1630 241 1719 283 Ma·

330 302 384 338 ias
401 312 477 337 rem
499 298 705 350 perduxere
734 297 974 336 Decemuiri.
1008 297 1087 335 Liv.
1108 299 1172 335 111.
1187 301 1250 350 36.
1304 298 1392 338 Idus
1421 300 1546 338 Maiae
1576 311 1716 346 venere,

331 355 445 394 nullis
457 353 675 408 sichrogatis
696 351 994 407 Magtstrazibus.
1017 354 1080 391 111.
1095 358 1159 404 38.
1194 357 1299 392 Tum
1322 355 1481 393 demum
1507 354 1719 407 deploratur

331 412 373 449 in
390 421 601 461 perpetuum
620 411 781 448 libertas.
841 409 925 448 Nec
946 409 1084 448 vindex
1104 408 1294 461 quisquam
1311 409 1454 462 exsistit,
1476 421 1544 450 aut
1559 411 1720 460 fleturus

331 466 493 510 videtur,
516 466 643 514 inquit
667 465 814 503 ibidem
826 466 965 506 Liuius.
1018 469 1125 505 Tum
1144 469 1322 504 contemni
1338 468 1459 518 coepti
1474 481 1580 506 erant
1599 481 1620 505 a
1630 463 1720 516 fini·

334 525 435 563 timis
463 521 645 573 Populisf
678 521 943 574 Imperiumque
967 519 1020 560 ibi
1039 519 1111 572 effi,
1137 519 1200 558 vbi
1226 534 1301 560 non
1329 522 1408 573 esset
1435 521 1596 572 libertas,
1624 523 1720 566 indi-

330 577 553 632 gnabantur.
612 580 661 616 Et
688 578 851 627 quidem
881 578 980 616 hanc
1009 574 1273 615 incursionum
1300 578 1340 615 in
1359 591 1496 629 agrum
1516 579 1720 618 Romanum

334 631 485 673 causam
504 631 721 685 agnoscunt
740 645 785 672 ea
804 631 1000 671 occasione
1024 632 1147 671 saetae
1166 632 1207 670 in
1225 632 1362 672 Senatu
1383 634 1599 672 Orationes.
1618 635 1737 674 Inde&

333 687 584 729 manifestum
611 687 675 737 est,
697 687 824 728 Idibus
845 689 967 728 Maiis
993 687 1231 727 recentiores
1257 689 1338 728 illas
1360 688 1513 740 hostium
1532 687 1645 729 fuiffe
1664 691 1720 728 in·

337 744 541 792 cursiones,
574 757 674 795 quae
693 745 947 785 Senator-ibus
974 742 1104 783 ansam
1133 744 1318 783 dederint
1340 746 1554 796 primorum
1578 758 1650 797 pro
1677 745 1721 784 li·

335 800 480 841 bertate
501 811 724 848 conatuum,
752 811 791 839 et
820 799 975 840 Plebeiis
998 812 1102 839 arma
1122 800 1162 838 in
1182 799 1488 841 Decemuirorum
1505 803 1722 853 perniciem

336 858 618 896 conuertenda.
674 857 850 908 Spatium
869 866 1000 897 autem
1017 858 1107 895 anni
1130 855 1244 895 huius
1265 858 1592 903 Decemuirorum
1603 859 1727 905 tertii,

339 927 418 965 quo
446 915 539 952 noui
559 912 600 951 hi
618 926 688 964 pro
713 912 885 952 libertate
905 912 1094 951 tumultus
1122 912 1358 952 concludendi
1383 912 1481 959 sunt,
1497 913 1724 965 fiptimqslre

338 966 452 1010 fuiffe
483 968 657 1008 arbitror.
718 971 874 1020 Nempe
903 968 1008 1006 inter
1034 968 1119 1008 Idus
1145 968 1275 1008 Maias
1308 969 1461 1022 Idusque
1492 971 1722 1020 Decembrer,

337 1025 478 1077 quibus
497 1028 588 1063 noui
604 1024 753 1063 inibant
777 1023 859 1076 post
879 1025 1135 1064 Decemuiros
1164 1024 1345 1075 Confides.
1403 1024 1594 1068 Consules
1615 1036 1724 1065 certe

338 1080 432 1122 anni
452 1092 542 1134 312.
570 1081 697 1120 Idibus
716 1078 978 1120 Decembribus
1009 1080 1146 1133 iniuzffi’
1172 1081 1317 1122 Auctor
1336 1079 1418 1132 ipse
1441 1081 1636 1133 Dioriyfius
1655 1080 1724 1122 est«

338 1140 423 1177 Nec
441 1147 571 1175 tamen
591 1137 653 1183 ait,
670 1150 718 1175 eo
743 1139 902 1189 primum
920 1150 1024 1176 anno
1045 1137 1131 1176 illos
1160 1137 1212 1175 ita
1229 1135 1393 1177 iniuifl'e.
1450 1140 1605 1184 Morem
1625 1150 1723 1190 ergo

338 1208 360 1233 a
373 1195 508 1248 primis
529 1192 614 1245 post
634 1193 872 1232 Decemuiros
899 1191 1135 1235 Consulibus
1156 1191 1354 1232 emanasse
1372 1192 1468 1233 mihi
1488 1194 1617 1245 potius
1635 1206 1724 1245 per-

339 1248 495 1292 suadeo.
555 1251 673 1288 Hunc
697 1259 827 1287 tamen
856 1262 1005 1288 annum
1024 1262 1093 1300 pro
1114 1262 1217 1288 anno
1235 1252 1382 1303 integro
1403 1249 1612 1296 habebant,
1633 1262 1724 1289 cum

338 1305 468 1347 nostro
484 1303 675 1356 Dionyst0‚
699 1306 909 1345 Catoniani.
943 1307 1092 1346 Contra
1113 1305 1348 1351 Varroniani,
1369 1306 1436 1355 qui
1454 1318 1515 1345 tot
1534 1317 1625 1344 ante
1637 1305 1725 1345 Idus

339 1364 470 1405 Maias
497 1362 691 1413 proximas
719 1358 889 1411 menfi'bus
919 1358 1111 1401 Consules
1148 1362 1189 1398 in
1221 1360 1454 1416 Magistrum
1478 1371 1722 1411 repererant,

340 1433 414 1459 non
431 1418 548 1458 alium
568 1417 721 1456 illorum
742 1418 941 1468 Confidam
960 1429 1108 1456 annum
1138 1415 1350 1456 censebant
1368 1433 1388 1457 a
1407 1419 1519 1458 tertio
1537 1418 1725 1457 Decemui-
1760 1436 1764 1439 ·

340 1488 459 1514 ratus.
516 1474 666 1514 Rectius
693 1474 888 1524 equidem,
919 1484 957 1511 vt
974 1474 1136 1519 videtur,
1165 1474 1260 1522 quia
1282 1473 1396 1511 huius
1415 1475 1508 1513 anni
1527 1473 1725 1514 Decembri

341 1544 425 1570 non
445 1527 706 1568 successerunt
725 1530 954 1569 Decemuiris
975 1531 1091 1567 annui
1109 1528 1369 1583 Magistratus.
1427 1530 1634 1576 canoniani,
1653 1528 1723 1580 qui

342 1599 492 1627 annum
518 1586 820 1625 Decemuiratus
852 1589 1005 1625 tertium
1030 1585 1070 1622 in
1100 1585 1213 1625 Fastis
1243 1588 1429 1640 integrum
1451 1583 1722 1636 supputabant,

341 1644 526 1695 aliumque
554 1642 600 1679 ab
629 1655 733 1680 anno
759 1643 987 1695 primorum,
1017 1639 1099 1691 post
1124 1641 1392 1687 Decemuiros,
1425 1641 1640 1691 Consulum,
1674 1640 1724 1680 fic

341 1698 451 1749 loqui
479 1698 672 1744 videntur,
694 1696 798 1747 quali
827 1711 928 1737 anno
959 1697 1085 1748 potius
1111 1697 1290 1749 fiquetzti
1318 1697 1564 1736 Decemuiris
1590 1694 1724 1737 fuiffet

329 1753 542 1807 successum.
602 1756 683 1791 Nec
716 1752 984 1798 obseruabant,
1005 1751 1141 1790 mense
1164 1750 1358 1791 Decembri
1378 1750 1480 1790 inire
1500 1750 1629 1792 solitos
1659 1766 1724 1792 an·

341 1824 445 1857 nuos,
469 1810 535 1860 qui
551 1808 781 1849 Decemuirz's
793 1810 970 1860 proxime
990 1807 1138 1847 suffecii
1157 1806 1247 1847 sunt
1267 1808 1308 1847 in
1331 1811 1420 1847 anni
1445 1822 1584 1856 nomen,
1596 1810 1725 1861 Magi·

343 1867 489 1906 stratus.
547 1866 591 1903 Id
610 1866 714 1903 enim
736 1864 761 1902 fi
780 1861 1027 1910 obseruaffet,
1053 1877 1143 1903 cum
1165 1863 1250 1911 suis,
1271 1862 1480 1915 Dionyfius,
1508 1867 1575 1906 IV.
1594 1865 1725 1916 potius

343 1936 460 1969 anno,
494 1934 609 1972 quam
634 1923 758 1965 tertio,
790 1919 959 1960 sublatus
987 1917 1116 1959 fuiss'et
1142 1934 1165 1958 e
1189 1920 1401 1971 Republica
1427 1924 1723 1968 Decemuiratus.

341 1992 431 2018 cum
453 1987 583 2016 tamen
604 1980 716 2018 tertio
740 1975 930 2016 sublatum
950 1975 1110 2014 testetur
1127 1974 1434 2027 ipseDionyfius.
1488 1977 1579 2017 Idus
1589 1987 1727 2017 autem

341 2036 472 2075 Maias
503 2046 573 2084 pro
602 2034 693 2072 anni
724 2032 1006 2072 Decemuiralis
1034 2034 1138 2070 tertii
1157 2030 1235 2083 fine
1259 2032 1413 2079 habuit,
1445 2045 1547 2083 quae
1574 2045 1662 2072 cum
1680 2032 1724 2073 in

334 2088 448 2142 finem
468 2089 559 2128 anni
582 2088 841 2140 Olympiadici
863 2090 979 2140 primi
1004 2087 1235 2135 inciderent,
1260 2088 1428 2139 proinde
1445 2089 1540 2128 anni
1559 2091 1725 2128 Decem-

344 2146 466 2185 viralis
485 2147 591 2184 tertii
617 2144 738 2183 finem
766 2145 817 2183 ita
837 2143 1064 2196 designauit,
1092 2154 1131 2181 vt
1151 2156 1324 2197 quartum
1353 2156 1553 2194 quemque
1574 2155 1725 2185 annum

344 2200 550 2253 defignare
578 2199 741 2246 solebat,
775 2201 881 2238 cuius
908 2199 1043 2239 Palilia
1069 2201 1110 2238 in
1132 2213 1278 2239 annum
1301 2199 1539 2250 Olympiadis
1560 2202 1727 2251 primum

341 2255 554 2307 defi'nentem
585 2256 888 2294 conueniebant.
945 2259 1050 2295 Tum
1078 2268 1168 2293 vero
1196 2252 1458 2301 succurrebat,
1488 2254 1725 2307 Conficlatum

336 2315 552 2367 proximum
570 2325 651 2349 non
672 2313 719 2350 ab
739 2312 862 2350 Idibus
882 2309 1049 2361 coepiss'e
1072 2312 1202 2356 Maiis,
1224 2309 1289 2348 sed
1309 2307 1582 2350 Decem'bribus.
1609 2312 1728 2354 Fastis

342 2369 475 2409 autem
494 2365 685 2412 consultis,
704 2381 783 2404 non
803 2365 903 2406 (joff.
926 2366 1109 2406 Valerium
1134 2375 1173 2403 et
1191 2365 1469 2405 Horatium‘ibi
1488 2368 1723 2418 reperiebat,

341 2423 408 2464 sed
425 2423 603 2474 ficundos
631 2421 712 2473 post
739 2422 1036 2461 Decemuiratum
1065 2420 1534 2474 exsti11&umficcceffbres.
1589 2427 1646 2464 Ita
1671 2423 1726 2465 fa«

343 2479 457 2526 filum,
484 2488 521 2516 vt
544 2491 692 2517 annum
709 2482 893 2532 integrum
921 2479 1165 2516 lucrarentur
1194 2476 1292 2516 falfis
1313 2476 1416 2516 hisce
1436 2478 1639 2518 ratiociniis
1658 2481 1724 2518 Ca-

340 2537 496 2576 toniani.
541 2537 655 2575 ,Tum
684 2547 829 2584 nempe
855 2533 1067 2572 constitutis
1095 2533 1330 2585 Confitlibus,
1370 2546 1466 2583 quos
1494 2535 1727 2575 Decemuiris

345 2591 543 2643 proximos
561 2587 675 2629 fuiffe
694 2588 988 2628 consentiebant
1008 2591 1195 2628 Annales.
1226 2590 1348 2627 Nobis
1369 2600 1509 2636 autem,
1524 2591 1725 2639 quiChro·

345 2647 545 2701 nologiam
566 2645 838 2698 Dioaegyfianam
867 2645 1137 2699 explicandam
1159 2642 1412 2698 suscepimus,
1443 2646 1497 2686 ita
1521 2645 1616 2687 Fasti
1636 2659 1727 2685 cons

362 2708 365 2711 ’
1289 2718 1291 2721 ·
1540 2700 1726 2744 sumendi
