1796 3120
153 112 256 152 PRO
291 110 698 151 HYPOTHESIBVS
733 108 974 150 DIONYSII
1003 108 1294 150 HALICARN.
1353 114 1468 168 2699

71 217 166 260 nius,
198 211 344 253 etiamfi
372 212 543 263 primum
568 210 841 265 excluserimus.
898 215 963 253 Ne
991 225 1085 252 vero
1119 216 1262 254 numeri
1288 225 1466 256 errorem

71 268 319 322 suspicemur,
340 267 440 315 facit,
455 270 561 320 quod
578 270 759 308 Veientem
778 267 927 308 hostem
933 268 1063 320 sexies
1076 268 1215 308 viuum
1235 269 1327 308 dicit
1345 271 1467 321 prion'
1508 312 1509 315 ,

71 326 139 366 illo
157 326 277 372 Bello,
307 326 367 363 cui
388 323 508 364 finem
529 324 714 376 imposuit
743 325 826 364 Cos.
850 325 987 376 CoJJus.
1006 327 1149 378 IV.32.
1198 325 1298 363 Inde
1318 325 1466 378 cossigi·

72 394 169 429 mus,
198 379 293 435 Coffi
311 380 546 430 Consulatum
582 379 631 419 fic
658 393 806 419 annum
835 377 914 418 efl'e
943 380 991 420 ab
1020 393 1124 420 anno
1144 382 1350 421 catoniano
1369 389 1465 434 318.

62 438 279 491 septimum,
321 448 358 476 vt
374 437 510 489 sextus
537 436 808 476 tantummodo
835 435 1042 475 habendus
1062 434 1124 482 fit,
1156 435 1182 474 fi
1212 437 1358 488 primus
1381 450 1465 476 non

73 491 332 534 accenseatur.
391 493 452 533 Sic
470 492 546 539 fiet,
568 503 618 538 vt,
637 505 707 543 pro
729 503 820 530 vera
835 491 1036 531 Annalium
1053 491 1311 546 Fastorumque
1340 490 1467 543 dispo-

72 549 221 595 fitione,
238 547 335 602 Coffi
353 548 573 601 Consulatus
590 549 631 586 in
651 560 800 586 annum
816 548 1065 587 Catonianum
1081 561 1172 600 324.
1195 549 1464 588 conferendus

72 605 128 646 fit.
183 605 300 644 Primi
328 605 435 644 enim
457 605 549 645 anni
573 609 664 656 318.
693 603 812 642 locum
829 614 978 642 certum
1012 602 1184 643 afferunt
1201 603 1297 644 Fasti
1317 606 1467 657 Capito-

70 662 148 709 lini,
173 662 240 712 qui
257 663 445 702 Mamerci
466 659 710 710 triumphum
737 659 785 698 ad
805 659 895 698 Idus
923 659 1104 698 referunt
1123 659 1350 714 Septembres
1370 660 1464 700 anni
1515 659 1519 663 ’

72 726 204 761 Aerae
232 715 321 757 suae
341 720 432 771 316.
458 717 719 767 Varron.317.
748 714 963 755 'Catoniani
984 722 1076 767 318.
1114 727 1278 767 propter
1296 718 1464 764 tertium,

74 787 195 826 quem
222 774 319 817 dixi,
347 786 496 812 annum
525 773 841 812 Decemuirorum.
907 771 986 811 Sed
1016 784 1108 810 vero
1147 773 1280 824 pergit
1304 773 1463 811 Liuius:

72 831 198 872 Etiam
217 830 312 868 illud
329 829 481 875 accedit,
511 843 554 868 ne
574 843 651 868 tam
672 828 770 867 clara
793 839 923 882 pugna
946 830 986 866 in
1004 839 1085 867 eum
1110 841 1244 868 annum
1261 829 1465 877 transferri

66 886 195 940 poffit,
218 886 319 940 quod
336 884 474 925 imbelle
497 887 696 925 triennium
702 884 826 935 firme
838 884 1055 937 pestilentia,
1075 886 1274 938 inopiaque
1283 886 1462 939 frugum,

72 947 172 982 circa
193 945 238 981 Α.
258 942 468 982 Cornelium
487 940 674 992 Consulem
681 941 792 993 ficit:
817 942 908 981 adeo
928 951 971 981 vt
997 941 1149 993 quidam
1166 943 1338 987 Annales,
1362 941 1464 982 velut

61 998 220 1053 funesti,
240 997 338 1037 nihil
349 1010 499 1052 praeter
515 1000 666 1037 nomina
679 994 878 1049 Consulum
885 996 1110 1052 suggerant.
1142 997 1290 1037 Tertius
1309 997 1354 1037 ab
1368 999 1466 1038 Con-

59 1055 196 1108 sulatu
212 1052 308 1107 Coffi
327 1068 443 1095 annus
474 1053 675 1094 Tribunum
689 1066 771 1093 eum
787 1054 962 1093 Militum
982 1052 1181 1104 Conficlari
1201 1053 1385 1105 Potestaze
1402 1054 1466 1094 ha-

74 1112 145 1152 bet.
203 1111 341 1150 Eodem
371 1124 468 1150 anno
497 1110 722 1165 Magistrum
751 1107 949 1162 Equitum,
976 1122 1047 1163 quo
1072 1113 1113 1149 in
1131 1110 1287 1164 Imperio
1307 1111 1464 1151 alteram

74 1168 249 1223 infi‘gnem
270 1179 435 1221 pugnam
467 1167 585 1206 edidit
611 1166 832 1220 Equestren.
890 1168 979 1204 Hoc
1000 1165 1090 1212 vult,
1121 1167 1160 1204 ni
1180 1167 1301 1213 fallor,
1323 1178 1360 1205 vt
1388 1167 1465 1206 hoc

74 1225 215 1264 imbelle
243 1225 443 1264 triennium
472 1221 662 1274 superiori
692 1222 867 1262 additum
879 1222 1087 1274 fiptennio,
1118 1223 1158 1261 in
1187 1223 1293 1261 cuius
1311 1221 1392 1274 fine
1410 1227 1462 1266 A.

75 1280 285 1322 Cornelius
306 1277 441 1320 Cofl'us
465 1278 698 1333 Consulatum
709 1275 897 1332 *gefi'ergss
915 1278 962 1317 ad
983 1276 1098 1329 finem
1121 1276 1240 1329 vsque
1257 1279 1352 1318 Belli
1373 1293 1465 1319 cum

76 1334 292 1377 Veientibus
311 1336 529 1388 pertigerit.
589 1338 730 1385 Itaque
750 1344 787 1372 vt
810 1348 895 1373 ante
917 1333 1172 1374 Consulatum
1189 1334 1317 1389 spolia
1337 1339 1465 1388 opima

76 1392 316 1445 suspendere
335 1405 415 1430 non
435 1392 563 1443 potuit
581 1395 628 1430 A.
641 1390 832 1431 Cornelius
843 1389 976 1442 Coffits,
990 1391 1168 1430 nondum
1186 1390 1268 1443 ipse
1287 1392 1374 1438 dux,
1387 1404 1465 1431 nee

62 1450 147 1503 fiais
168 1445 251 1487 fem
271 1461 414 1501 gerens
425 1448 605 1500 auspiciis,
619 1447 668 1486 de
686 1460 776 1487 vero
792 1448 883 1485 licet
895 1448 1100 1486 Veientium
1119 1447 1465 1497 duce,Tolumn1'0;

73 1509 126 1547 ita
147 1519 220 1544 nec
234 1504 355 1557 postea
373 1516 450 1543 tam
469 1505 658 1551 commode,
681 1517 799 1554 quarn
816 1503 854 1540 in
875 1501 955 1554 ipso
969 1501 1180 1557 Consulatu.
1195 1506 1349 1556 Nempe
1371 1505 1464 1555 quia

75 1561 213 1603 imbelle
232 1562 328 1600 illud
344 1558 476 1600 fuifl'et
496 1564 706 1608 triennium,
737 1559 800 1599 seu
818 1559 1034 1612 pestilentia,
1061 1558 1128 1599 seu
1136 1561 1296 1615 frugum
1315 1561 1462 1612 inopia,

77 1631 151 1659 nec
178 1617 266 1657 fere
302 1627 580 1668 praeterquam
622 1615 815 1670 Confidam
853 1616 1064 1656 nominibus
1100 1616 1266 1670 insigne.
1331 1617 1464 1656 Tertio

76 1676 264 1715 duntaxat
283 1674 382 1712 illius
401 1674 555 1713 triennii
585 1686 688 1712 anno
706 1671 880 1728 infi'gnem
908 1670 1021 1711 fuisse
1042 1669 1137 1726 Coffi
1151 1686 1325 1726 pugnam
1343 1672 1468 1727 Eque-

66 1730 191 1784 strem,
216 1743 304 1768 cum
330 1728 507 1784 Magistri
536 1729 712 1782 Equitum
735 1740 904 1768 munere
924 1728 1176 1781 fungeretur.
1237 1732 1344 1768 Tum
1370 1742 1464 1769 vero

79 1800 160 1826 non
168 1784 267 1836 suis,
298 1783 365 1824 sed
386 1786 613 1832 Diciatorm
632 1784 805 1837 auspiciis
832 1797 915 1823 rem
941 1782 1103 1836 geliiffe.
1162 1790 1269 1825 Ante
1285 1786 1466 1828 Dic‘latu·

77 1857 159 1884 rana
180 1842 321 1882 eodem
343 1854 447 1880 anno
467 1840 667 1881 Tribunum
686 1839 799 1881 suiffe
820 1839 1016 1892 Confiilari
1034 1841 1218 1894 Potestate
1237 1842 1466 1893 Militarem,

79 1910 119 1938 et
126 1899 200 1949 fica
214 1895 387 1937 habuifl'e
407 1897 581 1951 auspicia,
613 1896 679 1938 sed
698 1909 780 1937 tum
801 1896 937 1937 nullam
957 1895 1070 1937 fuisse
1092 1898 1267 1954 insignem
1282 1909 1462 1952 pugnam,

78 1967 102 1994 e
125 1968 200 2005 qua
208 1953 329 2007 spolia
350 1958 470 2006 opima
488 1964 690 2005 reportare
709 1953 893 2006 potuerit.
952 1956 1002 1993 Et
1026 1951 1118 1993 sane
1150 1955 1263 1993 huius
1285 1949 1465 2009 posterio-

77 2013 133 2052 ris
153 2013 309 2051 triennii
319 2009 408 2061 fine,
430 2010 497 2060 qui
526 2010 567 2047 in
589 2023 737 2050 annum
756 2011 1003 2050 Catonianum
1022 2010 1158 2049 incidit
1178 2021 1270 2063 327.
1291 2014 1466 2053 inducias·

77 2079 261 2107 annorum
288 2068 355 2105 XX
385 2065 498 2116 (quas
528 2064 739 2107 Veientibus
766 2063 958 2105 concessas
988 2064 1101 2106 fuiffe
1131 2077 1260 2106 narrat
1286 2072 1353 2109 IV.
1380 2073 1466 2123 35)

79 2120 248 2174 coepifl'e
277 2120 590 2161 verisimillimum
618 2122 682 2161 est.
740 2124 840 2162 Nam
868 2119 936 2161 sub
954 2121 1126 2162 Tribunis
1152 2123 1244 2161 anni
1262 2125 1467 2165 Catoniani

79 2187 172 2232 348.
187 2176 300 2229 finem
319 2178 551 2218 induciarum
571 2176 683 2217 fuiffe
696 2177 887 2218 concedit.
942 2178 998 2218 Eo
1019 2192 1116 2219 anno
1134 2188 1277 2232 tempus
1297 2182 1466 2237 (inquit)

80 2236 311 2274 induciarum
336 2247 415 2273 cum
455 2236 595 2274 Veienti
624 2234 767 2287 Populo
806 2236 959 2276 exierat.
985 2237 1049 2277 IV.
1071 2241 1135 2289 58.
1191 2238 1252 2276 bic
1275 2236 1464 2288 loquitur,

81 2289 185 2342 quasi
205 2291 409 2343 ficperioris
438 2291 529 2330 anni
547 2289 625 2341 fine
656 2289 810 2342 elapsae
836 2288 1007 2330 fuiss'ent.
1064 2291 1184 2343 Quod
1221 2292 1273 2332 ita
1302 2294 1466 2333 demum

81 2355 217 2387 verum
239 2345 317 2385 esse
335 2348 473 2398 potuit,
495 2346 520 2384 fi
539 2348 616 2394 hoc,
642 2347 680 2385 in
703 2360 780 2397 quo
801 2344 1005 2394 versamur,
1029 2360 1132 2387 anno
1155 2348 1344 2402 coepiffi‘nt.
1403 2350 1469 2390 Sic

82 2412 214 2443 autem
235 2400 388 2440 necess'e
405 2403 486 2450 erit,
510 2414 548 2442 vt
560 2404 780 2456 Consulatus
801 2401 896 2456 Coffi
914 2404 1082 2442 triennio
1103 2417 1211 2443 antea
1231 2405 1360 2457 gestus
1380 2405 1469 2445 fue·

82 2461 141 2505 rit,
166 2469 204 2495 et
229 2468 305 2496 tres
327 2459 424 2497 adeo
447 2459 540 2498 anni
561 2473 584 2498 e
602 2460 931 2512 praecedentibus
950 2460 990 2497 in
1006 2459 1206 2513 posteriora
1229 2462 1467 2500 transferen-

83 2514 120 2554 di
150 2511 234 2550 sint.
293 2514 550 2563 Crediderim,
574 2515 648 2554 hoc
674 2516 713 2554 in
753 2528 918 2554 numero
951 2514 1190 2554 censendum
1216 2514 1294 2555 esse
1317 2529 1467 2557 annum

81 2572 342 2617 Catonianum,
375 2571 414 2608 in
435 2570 568 2610 nostris
595 2571 747 2611 Tabulis
768 2583 856 2624 322.
884 2571 924 2609 in
952 2585 1030 2622 quo
1047 2573 1269 2626 pestilentiae
1286 2574 1467 2612 meminit

82 2623 165 2679 ipse
175 2626 316 2666 Liuius.
347 2625 595 2667 Crediderim
616 2638 655 2667 et
672 2640 821 2668 annum
839 2640 931 2682 323.
951 2628 992 2668 in
1011 2640 1090 2678 quo
1111 2639 1265 2670 cautum
1285 2629 1335 2669 de
1347 2640 1468 2683 penu-

1405 2689 1467 2726 ria
