1796 3120
280 130 365 170 AD
410 126 956 169 CHRoNoLomAM
994 127 1252 168 D10NYs.
1364 140 1478 184 2459

89 232 251 274 Plinium
287 231 505 272 correxerit
536 231 781 284 Hipparchus.
838 222 925 272 Hoc
961 231 1104 270 eodem
1131 230 1317 283 temporis
1350 229 1471 283 spatio

89 289 348 330 continebant
371 286 581 328 Anomaliae
601 288 741 340 (Lyclos
761 301 853 342 239.
887 288 1112 327 Latitudinis
1131 299 1224 342 242.
1248 288 1475 343 Longitudi·

87 349 146 386 nis
165 358 258 398 241.
290 343 390 385 Solis
411 355 543 384 autem
566 351 612 393 18
629 355 701 383 etc.
734 343 910 384 Proxime
930 342 1072 383 scilicet
1091 344 1138 384 ad
1164 343 1332 382 rationes
1347 344 1472 396 Cycli,

89 401 151 441 vel
171 402 364 447 Memmi,
385 401 444 440 vel
469 401 657 453 Calippici‚
679 400 718 437 in
740 401 882 450 quibus
903 412 996 453 223.
1019 398 1174 439 menses
1200 399 1249 439 ad
1269 413 1392 439 annos
1412 399 1472 438 iu-

90 456 162 496 sto's
193 455 432 509 consurgunt
452 470 582 496 xvm.
615 468 656 495 et
678 469 791 494 vnum
809 466 1016 506 praeterea
1042 456 1203 505 mensem,
1233 453 1359 507 ipsum
1378 453 1472 494 scili·

91 523 153 552 cet
178 510 355 552 mensem
382 513 492 551 illum
515 525 607 566 223.
666 510 743 550 Nisi
773 511 876 550 forte
909 510 1005 550 defit
1032 513 1175 555 dierum
1192 523 1358 550 numero
1376 524 1472 551 vnus

89 570 175 614 dies,
204 568 311 620 quod
331 567 470 607 meniis
492 569 644 607 vltimus
663 580 743 605 non
768 568 895 619 plenus
914 567 1044 613 fuerit,
1074 566 1142 607 sed
1171 581 1291 607 cauus.
1350 567 1471 607 Solem

89 635 223 665 autem
258 625 447 663 dixerunt
484 623 714 669 ἐπιλαμβάνειν
739 629 822 669 μοῖς.
843 631 864 660 ί.
882 623 927 668 μ’.
995 622 1116 671 Quod
1153 621 1294 662 scilicet
1328 638 1348 662 a
1380 624 1469 663 Iulii

88 681 227 721 Iuliani
248 683 275 720 Ι.
302 680 489 731 incipiant
511 679 660 719 nostrae
677 677 832 727 tabulae,
852 679 941 717 Iulii
959 689 1091 717 autem
1111 692 1146 716 x.
1176 677 1324 719 definat
1342 680 1468 732 menfis

90 749 183 787 223.
215 738 304 775 Non
326 736 377 776 ita
404 750 475 788 pro
503 734 714 774 rationibus
734 735 836 784 Cycli
862 734 1020 774 alicuius
1057 735 1213 774 Metone
1239 735 1467 775 vetustioris.

89 794 195 834 Hinc
213 792 348 842 itaque
369 792 594 844 colligimus,
609 791 839 843 Calipp0‚vei
860 789 991 830 saltem
1012 791 1179 836 Metone,
1203 791 1378 830 iuniores
1399 793 1471 831 hoo

90 846 205 889 fuiffe
217 848 464 901 Astronowm,
488 861 584 898 quos
602 848 772 898 appellat
791 847 1029 893 Ptolemaeus,
1049 859 1144 898 prae
1163 847 1388 899 Hipparch0‚
1406 866 1470 886 πα-

89 901 193 948 λαιές.
249 907 368 944 Hunc
384 916 479 956 ergo
499 902 615 950 χρόνον
636 903 689 941 illi
716 902 894 950 περιοδικόν
919 902 1179 954 appellabant,
1212 904 1253 946 ὦς
1277 906 1404 951 πρῶτον
1424 911 1472 948 εἰς

88 968 166 1006 μίαν
182 965 428 999 ἂποκκτάςασιν
443 958 569 1006 ἄγοι-τοι
589 958 709 1005 ἕγγιςα
728 959 789 1002 τὰς
809 959 972 1005 δικφσρεὶς
991 961 1054 995 τῶν
1074 959 1372 1010 κινήσεων,ἰη(]ι]ἰῖ
1385 961 1472 999 Pto-

88 1017 250 1056 lemaem.
298 1015 376 1056 Sed
392 1027 480 1067 pars
508 1016 569 1054 illa
596 1016 672 1054 diei
699 1019 812 1054 tertia
838 1015 988 1054 calculis
1011 1013 1280 1064 Astronomicis
1308 1016 1470 1055 molesta

91 1082 184 1112 erat.
214 1075 352 1123 Itaque
363 1072 620 1124 triplicandam
632 1072 782 1110 dierum
805 1084 1014 1110 numerum
1029 1070 1307 1117 existimabant,
1323 1083 1361 1109 vt
1377 1084 1470 1123 pars

90 1129 155 1168 illa
171 1128 245 1167 diei
263 1129 302 1166 in
314 1128 408 1167 diem
420 1131 605 1182 integrum
619 1125 873 1180 consurgeret
892 1127 1050 1178 reliquis
1062 1128 1301 1167 addendum.
1313 1128 1375 1167 Sic
1387 1129 1470 1168 dies

93 1195 205 1223 erant
221 1184 261 1222 in
276 1182 498 1223 vniuersum
515 1186 783 1237 19756.Hunc
802 1183 968 1230 ἐξελιγμδυ
980 1181 1222 1235 nuncupasse
1245 1184 1468 1224 dicitl'tole-

91 1255 222 1289 macas,
241 1238 408 1290 menfi'um
425 1240 500 1280 iam
520 1244 612 1291 669.
633 1239 914 1279 Anamaliarum
932 1252 1025 1293 717.
1045 1250 1224 1278 motuum
1253 1239 1468 1280 latitudinis·

93 1300 188 1350 726.
198 1296 438 1352 longitudinis
447 1295 760 1350 723.Cyclorum
775 1297 874 1347 solis
888 1310 949 1349 54.
967 1310 1024 1348 gr.
1039 1308 1088 1349 32
1101 1298 1241 1335 .Erunt
1260 1309 1357 1348 ergo
1377 1297 1471 1336 anni

77 1352 220 1404 fideres
237 1352 383 1405 integri
405 1365 468 1406 54.
489 1352 645 1391 Duabus
660 1352 1072 1392 Enneadecaeteridtbus
1090 1350 1226 1404 menfis
1247 1363 1358 1391 erant
1370 1365 1464 1407 470.

91 1408 157 1460 qui
179 1422 202 1447 e
222 1411 316 1459 669.
336 1408 496 1448 detracti
515 1409 744 1458 relinquunt
762 1407 916 1448 menses
933 1421 1020 1461 199.
1037 1410 1170 1449 tertiae
1185 1408 1469 1449 Enneadecaete·

90 1465 168 1504 ridi
187 1464 444 1517 affignandos.
474 1468 531 1503 Ita
557 1466 690 1503 tertiae
708 1465 1068 1504 Enneadecaeteridis
1098 1465 1393 1515 annos-fidecim
1411 1466 1467 1504 in·

93 1531 223 1573 tegi-os
243 1520 561 1570 complefftentur,
591 1532 631 1558 et
649 1521 800 1572 mensem
822 1533 1027 1572 praeterea
1048 1521 1142 1560 anni
1171 1534 1274 1561 xvu.
1303 1521 1468 1561 vnicum.

91 1577 144 1618 Hi
171 1573 335 1622 menses,
365 1574 390 1613 fi
410 1577 487 1616 dies
516 1574 673 1629 singulis
703 1580 839 1617 tricem·
865 1578 1126 1630 assignentur,
1157 1577 1232 1616 dies
1258 1576 1469 1616 conficient

94 1645 243 1685 20070.
272 1631 530 1672 Deducantur
550 1633 629 1671 dies
660 1634 844 1683 exemtiles
873 1632 960 1684 (pro
987 1631 1122 1672 nostris
1151 1633 1262 1685 Cycli
1288 1634 1472 1686 Calt'ppici

96 1688 252 1741 tabulis)
274 1699 362 1741 317.
392 1690 641 1739 Supererunt
663 1690 739 1729 dies
762 1701 908 1743 ¹9753·
948 1687 1102 1727 Desunt
1130 1690 1207 1729 dies
1234 1699 1470 1729 tantummo-

97 1744 256 1791 dofftres.
317 1746 397 1783 Nec
419 1742 507 1783 sane
527 1744 566 1783 id
586 1744 844 1792 incommode,
876 1759 946 1796 pro
967 1745 1178 1784 rationibus
1199 1744 1312 1784 huius
1332 1748 1466 1798 Hypo-

98 1798 496 1839 theseosaPtolemaeo
516 1802 746 1840 memoratis.
762 1804 857 1841 Nam
877 1810 1033 1852 praeter
1047 1801 1175 1851 Cyclas
1197 1801 1336 1851 fhlares
1355 1814 1470 1853 pares:

99 1867 163 1908 54.
176 1854 284 1894 addit
305 1856 450 1909 gradus
463 1868 524 1908 32.
538 1855 757 1904 Zocliaci‚in
777 1857 918 1908 quibus
928 1856 997 1907 fid
1009 1857 1056 1896 ad
1068 1856 1190 1907 menfi's
1200 1869 1234 1897 2.
1248 1858 1340 1896 anni
1359 1871 1467 1899 xvir.

95 1911 458 1951 Enneadecaeteridis
479 1914 611 1952 tertiae
628 1913 872 1964 peruenerit.
914 1911 1059 1953 Diebus
1078 1914 1182 1952 enirn
1205 1917 1358 1953 maiores
1379 1912 1468 1953 sunt

96 1979 224 2006 motus
239 1965 470 2022 fingulorum
490 1969 643 2008 Zodiaci
661 1970 859 2024 graduum.
913 1969 1045 2008 Potuit
1065 1981 1160 2022 ergo
1180 1969 1276 2008 haec
1293 1969 1468 2010 doeh-ina

94 2023 245 2076 Sulpicii
269 2023 370 2062 Galli
389 2022 511 2071 fuisse,
543 2036 645 2074 quae
673 2037 711 2063 et
733 2025 946 2078 Hipparcho
976 2024 1098 2063 fuerit
1117 2025 1324 2076 antiquior,
1356 2036 1396 2064 et
1420 2036 1471 2065 ta-

95 2092 188 2120 men
211 2081 382 2126 Periodo,
413 2078 542 2120 saltem
557 2080 764 2128 Mamm,
784 2081 989 2120 recentior.
1390 2116 1393 2120 .

205 2136 314 2175 Idem
347 2149 464 2188 porro
493 2135 606 2174 docet
627 2137 861 2183 Ptolemaeus,
882 2150 960 2187 quo
987 2136 1105 2175 modo
1133 2135 1234 2176 hanc
1252 2137 1466 2190 deccffbrum
1493 2142 1524 2179 §-
1545 2145 1603 2178 28-

97 2190 345 2243 (quicunque
373 2192 536 2231 demum
564 2192 620 2231 illi
648 2191 814 2246 fuerint)
839 2193 1051 2232 doctrinam
1077 2194 1289 2232 correxerit
1307 2196 1462 2247 Hippar-
1478 2187 1629 2236 perfossus

98 2246 199 2286 chus.
254 2251 366 2288 Hanc
394 2260 492 2300 ergo
525 2248 592 2286 ille
618 2248 809 2302 Eclipfium
840 2249 1039 2288 Periodum
1070 2248 1191 2289 diebus
1225 2254 1399 2302 126007.
1428 2230 1615 2314 &¹3:331

98 2301 189 2341 hora
210 2317 281 2343 vna
301 2302 446 2343 absolui
467 2303 717 2344 existimabar.
774 2319 920 2357 nempe
935 2303 1109 2354 menstbus
1126 2309 1247 2359 4267.
1277 2310 1383 2345 annis
1404 2319 1586 2361 au-parchi

99 2366 180 2396 tem
199 2359 388 2398 Ciuilibus
409 2373 499 2413 345.
555 2361 746 2401 Constant
769 2361 910 2414 finguli
938 2363 1045 2414 Cycli
1067 2361 1244 2413 Culippici
1271 2363 1382 2401 annis
1402 2367 1578 2414 76,prior.

99 2413 226 2453 diebus
245 2426 389 2468 27759.
410 2414 584 2467 menfibus
603 2429 695 2470 940.
752 2421 936 2474 Qtatuor
964 2430 1061 2470 ergo
1081 2418 1182 2466 Cyclz'
1211 2431 1326 2457 annos
1353 2417 1462 2457 confi

100 2469 210 2508 ciunt
230 2483 320 2521 304.
341 2472 416 2511 dies
442 2477 611 2525 111036.
629 2474 761 2525 menses
781 2478 900 2527 3760.
937 2471 1155 2525 Supersunt
1174 2486 1269 2526 ergo
1290 2475 1382 2513 anni
1403 2486 1467 2525 41.

98 2527 172 2564 dies
200 2538 340 2577 (4971.
369 2539 440 2577 per
468 2528 601 2579 menfis
620 2541 711 2583 507.
748 2529 1015 2569 distribuendi.
1073 2531 1119 2567 In
1157 2530 1305 2568 duabus
1336 2532 1473 2582 primis

97 2581 503 2621 Entieadec..-eteridibus
525 2586 598 2624 dies
623 2584 722 2632 sunt,
756 2596 915 2637 praeter
946 2587 1136 2631 exemtiles,
1166 2594 1304 2637 13378.
1333 2585 1471 2636 menses

99 2648 233 2678 autem
251 2650 347 2693 470.
375 2640 464 2677 anni
482 2646 547 2693 38.
604 2640 759 2681 Restant
789 2641 1186 2681 Enneadecaeteridjs
1214 2642 1353 2683 tertiae
1381 2642 1474 2680 anni

1377 2711 1466 2747 tres,

1379 2800 1394 2816 Ι
