1796 3120
301 127 414 181 ‘2632
470 118 663 167 NOTAE
698 124 775 166 AD
807 123 1631 173 CHRONOL.‚GRAECO-ROMANAM

301 233 528 276 sectionem.
585 233 670 270 Nec
696 230 804 267 enim
833 227 984 268 differri
1011 231 1141 281 potuit
1167 232 1320 284 Imperii
1344 231 1386 270 in
1413 229 1591 280 Etruscos
1615 225 1684 268 sub

304 286 506 330 decefl'ore
534 287 658 338 agniti
677 285 917 332 vendicatio‚
950 297 1004 323 ne
1037 287 1185 339 Regiae
1211 286 1422 327 Maiestatis
1451 287 1685 338 dignitatem

301 346 504 385 videretur
526 338 760 381 imminuisse
783 342 951 382 Seruius.
1006 343 1091 381 Nec
1110 342 1175 381 diu
1198 343 1314 383 etiam
1332 345 1444 382 latere
1465 342 1581 387 licuit,
1603 353 1682 392 quo

302 402 434 444 animo
455 397 581 438 effent
597 397 747 449 Etrusci
765 398 807 436 in
827 398 988 450 Imperio
1015 396 1266 449 agnoscendo
1284 402 1373 438 noui
1392 398 1589 450 Principis.
1633 399 1684 436 Et

301 468 435 499 tamen
455 454 620 506 spatium
638 452 798 505 aliquod
815 454 920 492 inter
937 463 1104 493 mortem
1121 455 1317 508 Tarquinii
1337 450 1689 503 defectionemque'

301 512 550 564 Etruscorum
575 505 827 551 interceffiffe
855 509 1172 550 verifimillimum
1201 510 1275 558 est,
1308 524 1387 562 quo
1414 512 1595 562 Regnum
1615 507 1684 547 fibi

300 568 461 611 firmarit
478 567 630 607 Tullius.
687 570 817 606 Antea
837 579 935 619 ergo
953 565 1153 607 accusandi
1173 567 1432 618 pellendique
1451 565 1492 603 in
1513 564 1687 604 exfilium

302 625 373 667 filii
410 627 507 664 Anci
524 623 679 670 Marcii,
700 621 877 662 defuncti
903 622 1018 675 Regis
1042 623 1245 677 Tarquinii
1271 622 1522 663 infidiatores.
1579 623 1686 660 Tum

306 683 499 736 Tarquinii
519 689 712 731 nepotum
734 679 858 718 Tullio
876 689 958 718 erat
977 675 1175 719 afferenda
1200 680 1330 719 tutela.
1388 678 1499 723 Inde,
1514 677 1687 730 Patribus

303 735 544 782 inconsultis,
575 734 777 785 Plebiscito
798 734 916 787 Regis
936 735 1070 774 titulus
1092 735 1221 776 Seruio
1244 734 1531 779 concedendus,
1545 743 1584 771 et
1606 746 1687 772 con-

296 795 385 850 filia
403 793 572 846 proinde
595 791 700 831 Plebi
727 791 942 842 captandae
969 801 1058 842 apta
1075 791 1261 838 ineunda,
1288 800 1335 832 et
1363 790 1412 830 ad
1431 789 1578 828 exitum
1601 801 1687 841 per·

305 850 499 892 ducenda.
557 850 642 887 Nec
667 848 774 886 enim
801 857 918 887 antea
948 847 1077 899 potuit
1102 848 1296 887 honorem
1328 842 1515 887 decessori
1536 841 1688 884 conces-

306 906 391 948 sum
417 905 486 945 fibi
506 904 726 952 vendicare,
759 916 877 953 quam
902 903 1076 942 eundem
1104 903 1333 943 consecutus
1351 900 1458 948 esset,
1486 915 1605 953 quem
1623 901 1687 940 de-

306 960 438 1009 cessor,
465 963 507 1000 in
533 961 731 1012 Republica
759 960 898 997 locum.
958 959 1072 1014 Regis
1100 973 1256 1012 nempe,
1287 973 1369 999 non
1406 960 1577 1004 Tutori53
1613 968 1688 995 nec

304 1025 388 1061 iure
417 1018 689 1058 tantummodo
719 1016 848 1062 alieno,
868 1013 1030 1067 sedfito.
1089 1015 1303 1067 Hucusque
1323 1012 1556 1068 progressus,
1586 1012 1689 1055 εῠθύς

306 1077 380 1121 ἅμα
397 1079 446 1121 τῷ
465 1079 676 1121 παραλαβεῖν
696 1071 756 1116 τήν
771 1071 888 1119 &exin
901 1074 942 1110 L.
956 1075 1025 1112 IV.
1045 1087 1082 1124 p.
1094 1085 1186 1126 209.
1207 1073 1231 1111 1.
1242 1085 1308 1126 43.
1327 1084 1466 1123 agrum
1488 1070 1689 1123 publicum

307 1131 414 1174 Plebi
435 1129 573 1170 diuifit.
604 1131 724 1169 Ταῦτα
744 1133 1007 1173 καταςησάμενος
1026 1142 1063 1180 p.
1077 1129 1206 1173 2121.
1223 1136 1258 1178 8.
1279 1127 1417 1180 censitm
1435 1126 1608 1174 instituit,
1620 1128 1689 1171 Po·

306 1190 530 1243 pulumque
555 1187 598 1225 in
625 1185 744 1237 claffi’s
770 1185 931 1237 partitus
958 1185 1031 1231 est,
1065 1185 1304 1238 Lustrumque
1335 1183 1520 1223 condidit.
1582 1185 1691 1221 Tum

305 1244 477 1293 nominis
497 1243 628 1283 Latini
648 1240 778 1281 secum
795 1241 979 1292 inuicem,
1009 1251 1049 1280 et
1066 1256 1154 1281 cum
1175 1242 1353 1281 Romanis
1382 1238 1687 1285 confoederatio,

306 1315 386 1354 qua
408 1299 604 1347 effectum,
625 1311 678 1337 ne
699 1296 805 1349 spem
821 1297 871 1337 ⁴ab
891 1297 964 1336 illis
982 1297 1151 1348 aliquam
1177 1296 1366 1337 fouet-ent
1383 1295 1544 1346 Etrusci.
1601 1297 1690 1334 Hae

306 1367 418 1398 certe
446 1357 557 1397 Pacis
584 1365 682 1396 artes
712 1363 832 1401 erant,
868 1353 1047 1393 nondum
1074 1353 1265 1405 flagrante
1300 1352 1411 1393 Bello.
1472 1349 1694 1404 Neglectae

309 1426 444 1455 autem
473 1412 643 1453 hostibus
670 1409 886 1450 occasiones
914 1407 1232 1462 suppeditassent,
1260 1410 1423 1449 minime
1456 1406 1546 1448 sane
1566 1407 1688 1459 negli-

309 1469 472 1523 gendas.
528 1468 655 1509 Etiam
681 1468 729 1506 ad
764 1465 944 1516 Etruscos
970 1467 1159 1506 emanarit
1185 1475 1358 1518 oportet,
1391 1477 1507 1516 quam
1538 1462 1688 1503 fuerint

309 1529 452 1574 Patres,
464 1527 586 1582 Regni
611 1523 774 1564 nomine
803 1521 870 1562 suo
898 1522 1031 1574 iniuffic
1049 1521 1116 1560 fibi
1143 1522 1347 1567 vendicari,
1376 1519 1569 1562 animuin
1600 1519 1686 1557 Tul-

308 1582 399 1622 lium
414 1581 582 1622 infenso.
638 1583 751 1620 Hanc
770 1579 877 1618 enim
896 1577 1045 1617 causam
1054 1578 1222 1629 Etruscis
1242 1575 1365 1623 fuiffe,
1386 1590 1453 1616 cur
1472 1572 1688 1615 conceffam

309 1649 427 1678 antea
455 1639 654 1692 'Ibrquinio
677 1636 909 1688 dignitatem
935 1634 1060 1674 Tullio
1081 1634 1275 1687 negarint,
1306 1630 1479 1686 agnoscit
1492 1629 1574 1682 ipse
1593 1631 1688 1670 Dio-

309 1695 449 1746 nyftun
504 1695 610 1734 Noui
645 1702 851 1745 praeterea
888 1691 1092 1731 Veientium
1141 1700 1346 1743 apparatus
1383 1689 1540 1728 Romam
1571 1687 1688 1728 delati

313 1751 472 1790 Tullium
487 1750 716 1802 impulerint
740 1747 790 1787 ad
808 1747 1049 1800 legationem
1072 1745 1278 1788 Veientibus
1294 1745 1536 1785 mittendam.
1567 1743 1690 1783 Deni,

311 1820 393 1857 que
420 1817 461 1845 et
479 1809 574 1848 aliae
600 1802 826 1846 accesserint
852 1815 1007 1855 oportet
1023 1815 1145 1844 morae
1163 1813 1298 1850 antea,
1329 1813 1447 1852 quam
1466 1799 1603 1840 Bellum
1623 1800 1688 1841 de-

308 1863 573 1910 nunciaretur,
608 1873 678 1913 pro
707 1862 793 1899 iure
825 1861 1076 1900 Romanorum
1090 1860 1260 1911 faeciali.
1316 1857 1468 1897 Rectius
1499 1869 1616 1909 ergo,
1644 1856 1686 1895 ni

306 1919 432 1967 fallor,
451 1920 500 1960 ad
519 1918 684 1971 secunda
710 1915 843 1956 saltem
877 1915 992 1956 Tullii
1017 1917 1164 1964 Palilia,
1194 1925 1236 1954 et
1252 1914 1453 1966 secundum
1471 1913 1570 1952 adeo
1589 1913 1688 1951 eius-

311 1976 405 2015 dem
430 1977 523 2023 Ver,
551 1988 629 2026 quo
649 1971 785 2025 suscipi
812 1971 988 2012 solebant
1016 1973 1289 2026 Expeditiones,
1316 1969 1414 2010 Belli
1441 1969 1591 2020 Etrusci
1615 1968 1685 2007 ini-

308 2034 409 2071 tium
436 2031 695 2072 retulerimus.
754 2028 958 2069 Conuenit
977 2028 1221 2080 porro‚quod
1241 2027 1292 2067 ait
1308 2026 1439 2066 Liuius
1457 2039 1464 2063 :
1499 2027 1574 2076 iam
1590 2024 1699 2063 enim'

307 2089 477 2129 induciae
495 2088 665 2127 exierint.
704 2087 857 2140 L.I.42.
880 2086 1008 2124 Pacem
1025 2086 1131 2125 enim
1149 2096 1237 2123 cum
1259 2081 1482 2130 Veientibus,
1511 2080 1686 2131 reliquis·

311 2156 394 2196 que
423 2144 601 2185 eiusdem
628 2141 795 2181 nominis
822 2142 999 2193 Etruscis,
1032 2155 1136 2181 anno
1165 2140 1363 2193 Tarquinii
1391 2137 1513 2191 Prtsci
1545 2138 1683 2175 XXIX.

309 2201 450 2242 initam
476 2201 553 2241 iam
580 2197 693 2251 supra
722 2197 982 2248 probauimus.
1041 2201 1182 2238 Annus
1208 2205 1290 2235 erat
1308 2194 1492 2246 Epochae
1513 2193 1686 2233 Catonia-

311 2271 380 2298 nae
408 2257 530 2309 (quae
551 2256 690 2296 eadem
705 2253 935 2307 Dionyfiana
955 2252 1035 2307 est)
1067 2255 1156 2296 166.
1216 2251 1317 2290 Inde
1335 2249 1476 2288 iustum
1495 2248 1549 2288 est
1567 2250 1687 2290 decen-

307 2315 416 2353 otium
443 2313 492 2352 ad
519 2323 678 2358 annum,
707 2309 757 2348 de
787 2323 866 2360 quo
894 2309 1055 2361 agimus,
1077 2308 1199 2348 Seruii
1224 2305 1335 2345 Tullii
1351 2309 1378 2346 I.
1396 2304 1586 2355 labentem,
1615 2305 1685 2356 qui

310 2368 498 2420 Epochae
519 2368 745 2407 Catonianae
775 2364 829 2404 est
851 2367 939 2418 176.
995 2366 1107 2416 Quot
1133 2363 1280 2403 fuerint
1308 2375 1488 2401 annorum
1503 2351 1708 2401 induciae‘

310 2427 413 2471 illae,
439 2436 558 2463 nemo
578 2431 756 2460 veterum
776 2421 925 2468 docuit,
957 2433 1044 2459 cum
1070 2418 1314 2459 induciarum
1332 2418 1503 2471 ipfizrum,
1526 2431 1601 2457 vno
1620 2429 1685 2456 ex-

309 2491 428 2533 cepto
456 2481 588 2528 Liuio,
623 2489 742 2516 nemo
769 2475 895 2526 (quod
914 2473 1053 2530 sciam)
1091 2484 1268 2513 veterum
1307 2474 1545 2514 meminerit.
1603 2471 1686 2513 Sed

310 2536 454 2577 iustum
482 2529 578 2574 illud
598 2531 761 2584 spatium
791 2541 868 2570 tam
888 2542 1064 2571 accurate
1084 2528 1326 2584 respondens
1346 2530 1446 2578 facit,
1467 2536 1506 2568 vt
1525 2526 1686 2580 suspice-

309 2606 412 2640 mur,
438 2589 552 2631 fuiffe
570 2590 749 2629 decennes.
805 2589 893 2627 Hoc
920 2586 948 2624 fi
973 2599 1126 2634 verum,
1155 2587 1195 2626 id
1223 2598 1384 2637 quoque
1412 2584 1685 2636 consequetur,

315 2660 397 2690 non
428 2647 471 2688 in
493 2646 692 2703 Tarquinii
710 2642 831 2697 Prisci
856 2642 1101 2698 temporibus
1126 2640 1258 2683 deeffe
1273 2655 1421 2690 annum,
1448 2654 1527 2692 quo
1556 2639 1687 2679 deficit

1639 2693 1688 2736 ab
