<?xml version="1.0" encoding="UTF-8"?>
<!DOCTYPE html PUBLIC "-//W3C//DTD XHTML 1.0 Transitional//EN"
    "http://www.w3.org/TR/xhtml1/DTD/xhtml1-transitional.dtd">
<html xmlns="http://www.w3.org/1999/xhtml" xml:lang="en" lang="en">
 <head>
  <title>
</title>
<meta http-equiv="Content-Type" content="text/html;charset=utf-8" />
  <meta name='ocr-system' content='tesseract 3.04.00' />
  <meta name='ocr-capabilities' content='ocr_page ocr_carea ocr_par ocr_line ocrx_word'/>
</head>
<body>
  <div class='ocr_page' id='page_1' title='image "./operaomniagraece04dionuoft/operaomniagraece04dionuoft_0885.png"; bbox 0 0 1796 3120; ppageno 0'>
   <div class='ocr_carea' id='block_1_1' title="bbox 135 135 1455 192">
    <p class='ocr_par' dir='ltr' id='par_1_1' title="bbox 135 135 1455 192">
     <span class='ocr_line' id='line_1_1' title="bbox 135 135 1455 192; baseline -0.002 -11"><span class='ocrx_word' id='word_1_1' title='bbox 135 139 238 181; x_wconf 71' lang='lat' dir='ltr'>pao</span> <span class='ocrx_word' id='word_1_2' title='bbox 275 136 682 179; x_wconf 81' lang='lat' dir='ltr'>HYPOTHESIBVS</span> <span class='ocrx_word' id='word_1_3' title='bbox 722 135 965 178; x_wconf 74' lang='lat' dir='ltr'>DloNst</span> <span class='ocrx_word' id='word_1_4' title='bbox 995 135 1286 177; x_wconf 77' lang='lat' dir='ltr'>HAucARN.</span> <span class='ocrx_word' id='word_1_5' title='bbox 1341 147 1455 192; x_wconf 80' lang='lat'>2729</span> 
     </span>
    </p>
   </div>
   <div class='ocr_carea' id='block_1_2' title="bbox 51 240 1470 2865">
    <p class='ocr_par' dir='ltr' id='par_1_2' title="bbox 51 240 1459 1698">
     <span class='ocr_line' id='line_1_2' title="bbox 51 240 1451 301; baseline -0.003 -16"><span class='ocrx_word' id='word_1_6' title='bbox 51 244 158 301; x_wconf 60' lang='lat' dir='ltr'>filius</span> <span class='ocrx_word' id='word_1_7' title='bbox 175 241 465 284; x_wconf 83' lang='lat' dir='ltr'><em>intercalaribus</em></span> <span class='ocrx_word' id='word_1_8' title='bbox 484 251 750 294; x_wconf 86' lang='lat' dir='ltr'>opponuntur,</span> <span class='ocrx_word' id='word_1_9' title='bbox 771 240 840 293; x_wconf 89' lang='lat' dir='ltr'>qui</span> <span class='ocrx_word' id='word_1_10' title='bbox 857 241 977 282; x_wconf 84' lang='lat' dir='ltr'>medio</span> <span class='ocrx_word' id='word_1_11' title='bbox 995 243 1114 282; x_wconf 89' lang='lat' dir='ltr'>etiam</span> <span class='ocrx_word' id='word_1_12' title='bbox 1132 241 1238 280; x_wconf 85' lang='lat' dir='ltr'>inter</span> <span class='ocrx_word' id='word_1_13' title='bbox 1261 240 1451 281; x_wconf 81' lang='lat' dir='ltr'>Termina-</span> 
     </span>
     <span class='ocr_line' id='line_1_3' title="bbox 63 297 1451 352; baseline -0.004 -10"><span class='ocrx_word' id='word_1_14' title='bbox 63 304 117 343; x_wconf 86' lang='lat' dir='ltr'>lia</span> <span class='ocrx_word' id='word_1_15' title='bbox 143 299 369 352; x_wconf 70' lang='lat' dir='ltr'>merfi’mque</span> <span class='ocrx_word' id='word_1_16' title='bbox 387 300 646 339; x_wconf 85' lang='lat' dir='ltr'>Intercalarem</span> <span class='ocrx_word' id='word_1_17' title='bbox 671 297 792 351; x_wconf 88' lang='lat' dir='ltr'>spatio</span> <span class='ocrx_word' id='word_1_18' title='bbox 822 310 937 338; x_wconf 88' lang='lat' dir='ltr'>erant</span> <span class='ocrx_word' id='word_1_19' title='bbox 954 297 1211 339; x_wconf 81' lang='lat' dir='ltr'><em>intercalandi.</em></span> <span class='ocrx_word' id='word_1_20' title='bbox 1265 297 1343 337; x_wconf 89' lang='lat' dir='ltr'>Sed</span> <span class='ocrx_word' id='word_1_21' title='bbox 1363 298 1451 347; x_wconf 72' lang='lat' dir='ltr'>quis</span> 
     </span>
     <span class='ocr_line' id='line_1_4' title="bbox 64 351 1454 408; baseline -0.004 -12"><span class='ocrx_word' id='word_1_22' title='bbox 64 357 131 397; x_wconf 86' lang='lat' dir='ltr'>ille</span> <span class='ocrx_word' id='word_1_23' title='bbox 147 355 274 408; x_wconf 78' lang='lat' dir='ltr'>menfis</span> <span class='ocrx_word' id='word_1_24' title='bbox 300 355 539 396; x_wconf 82' lang='lat' dir='ltr'>Intercalaris</span> <span class='ocrx_word' id='word_1_25' title='bbox 558 355 652 395; x_wconf 85' lang='lat' dir='ltr'>alius</span> <span class='ocrx_word' id='word_1_26' title='bbox 669 369 691 394; x_wconf 81' lang='lat' dir='ltr'>a</span> <span class='ocrx_word' id='word_1_27' title='bbox 709 353 773 393; x_wconf 90' lang='lat' dir='ltr'>die</span> <span class='ocrx_word' id='word_1_28' title='bbox 794 354 1042 395; x_wconf 78' lang='lat' dir='ltr'>Intercalari?</span> <span class='ocrx_word' id='word_1_29' title='bbox 1067 355 1160 393; x_wconf 88' lang='lat' dir='ltr'>Non</span> <span class='ocrx_word' id='word_1_30' title='bbox 1178 361 1286 391; x_wconf 87' lang='lat' dir='ltr'>certe</span> <span class='ocrx_word' id='word_1_31' title='bbox 1301 351 1454 393; x_wconf 50' lang='lat' dir='ltr'>Merk&amp;</span> 
     </span>
     <span class='ocr_line' id='line_1_5' title="bbox 62 407 1451 463; baseline -0.004 -10"><span class='ocrx_word' id='word_1_32' title='bbox 62 413 178 454; x_wconf 85' lang='lat' dir='ltr'>donii.</span> <span class='ocrx_word' id='word_1_33' title='bbox 211 413 273 452; x_wconf 73' lang='lat' dir='ltr'>sic</span> <span class='ocrx_word' id='word_1_34' title='bbox 292 411 398 450; x_wconf 84' lang='lat' dir='ltr'>enim</span> <span class='ocrx_word' id='word_1_35' title='bbox 421 412 553 450; x_wconf 86' lang='lat' dir='ltr'>nullae</span> <span class='ocrx_word' id='word_1_36' title='bbox 571 407 733 450; x_wconf 81' lang='lat' dir='ltr'>fuiss&#39;ent</span> <span class='ocrx_word' id='word_1_37' title='bbox 752 409 965 463; x_wconf 86' lang='lat' dir='ltr'>legitimae,</span> <span class='ocrx_word' id='word_1_38' title='bbox 980 419 1258 461; x_wconf 82' lang='lat' dir='ltr'>praeterquam</span> <span class='ocrx_word' id='word_1_39' title='bbox 1274 409 1316 447; x_wconf 87' lang='lat' dir='ltr'>in</span> <span class='ocrx_word' id='word_1_40' title='bbox 1336 409 1451 448; x_wconf 77' lang='lat' dir='ltr'>annis</span> 
     </span>
     <span class='ocr_line' id='line_1_6' title="bbox 61 464 1452 520; baseline -0.005 -10"><span class='ocrx_word' id='word_1_41' title='bbox 61 468 332 516; x_wconf 86' lang='lat' dir='ltr'>Embolimaeis,</span> <span class='ocrx_word' id='word_1_42' title='bbox 356 467 511 507; x_wconf 87' lang='lat' dir='ltr'>dierum</span> <span class='ocrx_word' id='word_1_43' title='bbox 535 466 652 506; x_wconf 85' lang='lat' dir='ltr'>etiam</span> <span class='ocrx_word' id='word_1_44' title='bbox 669 464 899 520; x_wconf 80' lang='lat' dir='ltr'>fingulorum</span> <span class='ocrx_word' id='word_1_45' title='bbox 916 465 1228 506; x_wconf 86' lang='lat' dir='ltr'>Intercalationes.</span> <span class='ocrx_word' id='word_1_46' title='bbox 1284 465 1346 506; x_wconf 88' lang='lat' dir='ltr'>Sic</span> <span class='ocrx_word' id='word_1_47' title='bbox 1365 465 1452 504; x_wconf 89' lang='lat' dir='ltr'>nul-</span> 
     </span>
     <span class='ocr_line' id='line_1_7' title="bbox 63 521 1453 575; baseline -0.004 -10"><span class='ocrx_word' id='word_1_48' title='bbox 63 527 146 566; x_wconf 86' lang='lat' dir='ltr'>lum</span> <span class='ocrx_word' id='word_1_49' title='bbox 174 521 306 565; x_wconf 81' lang='lat' dir='ltr'>fuiffet</span> <span class='ocrx_word' id='word_1_50' title='bbox 326 522 577 575; x_wconf 88' lang='lat' dir='ltr'>Reipublicae</span> <span class='ocrx_word' id='word_1_51' title='bbox 595 522 636 560; x_wconf 87' lang='lat' dir='ltr'>in</span> <span class='ocrx_word' id='word_1_52' title='bbox 655 522 754 561; x_wconf 84' lang='lat' dir='ltr'>mala</span> <span class='ocrx_word' id='word_1_53' title='bbox 782 521 1005 574; x_wconf 78' lang='lat' dir='ltr'>nefastorum</span> <span class='ocrx_word' id='word_1_54' title='bbox 1031 522 1175 561; x_wconf 83' lang='lat' dir='ltr'>dieram</span> <span class='ocrx_word' id='word_1_55' title='bbox 1195 521 1325 561; x_wconf 85' lang='lat' dir='ltr'>omina</span> <span class='ocrx_word' id='word_1_56' title='bbox 1341 533 1453 572; x_wconf 85' lang='lat' dir='ltr'>prae-</span> 
     </span>
     <span class='ocr_line' id='line_1_8' title="bbox 61 576 1453 632; baseline -0.004 -11"><span class='ocrx_word' id='word_1_57' title='bbox 61 580 210 629; x_wconf 83' lang='lat' dir='ltr'>fidium,</span> <span class='ocrx_word' id='word_1_58' title='bbox 230 589 506 632; x_wconf 80' lang='lat' dir='ltr'>praeterquam</span> <span class='ocrx_word' id='word_1_59' title='bbox 534 578 576 616; x_wconf 87' lang='lat' dir='ltr'>in</span> <span class='ocrx_word' id='word_1_60' title='bbox 602 578 715 617; x_wconf 91' lang='lat' dir='ltr'>annis</span> <span class='ocrx_word' id='word_1_61' title='bbox 735 576 1005 617; x_wconf 80' lang='lat' dir='ltr'>Embolimaeis.</span> <span class='ocrx_word' id='word_1_62' title='bbox 1064 577 1160 617; x_wconf 89' lang='lat' dir='ltr'>Dies</span> <span class='ocrx_word' id='word_1_63' title='bbox 1179 576 1377 617; x_wconf 84' lang='lat' dir='ltr'>Februarii</span> <span class='ocrx_word' id='word_1_64' title='bbox 1394 590 1453 616; x_wconf 88' lang='lat' dir='ltr'>re-</span> 
     </span>
     <span class='ocr_line' id='line_1_9' title="bbox 62 631 1452 688; baseline -0.003 -11"><span class='ocrx_word' id='word_1_65' title='bbox 62 638 191 688; x_wconf 88' lang='lat' dir='ltr'>liquos</span> <span class='ocrx_word' id='word_1_66' title='bbox 211 634 295 688; x_wconf 88' lang='lat' dir='ltr'>post</span> <span class='ocrx_word' id='word_1_67' title='bbox 311 635 534 675; x_wconf 77' lang='lat' dir='ltr'>Terminalia</span> <span class='ocrx_word' id='word_1_68' title='bbox 552 634 600 673; x_wconf 86' lang='lat' dir='ltr'>ad</span> <span class='ocrx_word' id='word_1_69' title='bbox 620 632 808 674; x_wconf 81' lang='lat' dir='ltr'>Kalendas</span> <span class='ocrx_word' id='word_1_70' title='bbox 832 631 950 685; x_wconf 88' lang='lat' dir='ltr'>vsque</span> <span class='ocrx_word' id='word_1_71' title='bbox 966 633 1140 673; x_wconf 83' lang='lat' dir='ltr'>Martias</span> <span class='ocrx_word' id='word_1_72' title='bbox 1158 647 1229 686; x_wconf 89' lang='lat' dir='ltr'>pro</span> <span class='ocrx_word' id='word_1_73' title='bbox 1251 632 1368 688; x_wconf 65' lang='lat' dir='ltr'>mens}</span> <span class='ocrx_word' id='word_1_74' title='bbox 1386 632 1452 673; x_wconf 84' lang='lat' dir='ltr'>hic</span> 
     </span>
     <span class='ocr_line' id='line_1_10' title="bbox 64 687 1451 742; baseline -0.004 -8"><span class='ocrx_word' id='word_1_75' title='bbox 64 692 215 741; x_wconf 87' lang='lat' dir='ltr'>haberi,</span> <span class='ocrx_word' id='word_1_76' title='bbox 233 691 295 730; x_wconf 74' lang='lat' dir='ltr'>rix</span> <span class='ocrx_word' id='word_1_77' title='bbox 314 690 377 737; x_wconf 88' lang='lat' dir='ltr'>est,</span> <span class='ocrx_word' id='word_1_78' title='bbox 407 704 476 730; x_wconf 87' lang='lat' dir='ltr'>cur</span> <span class='ocrx_word' id='word_1_79' title='bbox 503 689 741 729; x_wconf 88' lang='lat' dir='ltr'>dubitemus.</span> <span class='ocrx_word' id='word_1_80' title='bbox 795 689 949 730; x_wconf 82' lang='lat' dir='ltr'>Eodem</span> <span class='ocrx_word' id='word_1_81' title='bbox 976 687 1121 729; x_wconf 84' lang='lat' dir='ltr'>scilicet</span> <span class='ocrx_word' id='word_1_82' title='bbox 1146 690 1341 742; x_wconf 76' lang='lat' dir='ltr'>exemplo,</span> <span class='ocrx_word' id='word_1_83' title='bbox 1369 702 1451 740; x_wconf 91' lang='lat' dir='ltr'>quo</span> 
     </span>
     <span class='ocr_line' id='line_1_11' title="bbox 67 744 1452 802; baseline -0.004 -13"><span class='ocrx_word' id='word_1_84' title='bbox 67 760 108 789; x_wconf 88' lang='lat' dir='ltr'>et</span> <span class='ocrx_word' id='word_1_85' title='bbox 135 749 217 788; x_wconf 88' lang='lat' dir='ltr'>dies</span> <span class='ocrx_word' id='word_1_86' title='bbox 250 748 502 802; x_wconf 85' lang='lat' dir='ltr'>Epagomenas</span> <span class='ocrx_word' id='word_1_87' title='bbox 528 746 571 784; x_wconf 90' lang='lat' dir='ltr'>in</span> <span class='ocrx_word' id='word_1_88' title='bbox 601 744 762 798; x_wconf 86' lang='lat' dir='ltr'>Epocha</span> <span class='ocrx_word' id='word_1_89' title='bbox 788 745 994 798; x_wconf 82' lang='lat' dir='ltr'>Nabonaffi</span> <span class='ocrx_word' id='word_1_90' title='bbox 1020 758 1092 797; x_wconf 87' lang='lat' dir='ltr'>pro</span> <span class='ocrx_word' id='word_1_91' title='bbox 1117 745 1253 785; x_wconf 82' lang='lat' dir='ltr'>mense</span> <span class='ocrx_word' id='word_1_92' title='bbox 1279 745 1452 785; x_wconf 84' lang='lat' dir='ltr'>fimiliter</span> 
     </span>
     <span class='ocr_line' id='line_1_12' title="bbox 64 800 1459 847; baseline -0.004 0"><span class='ocrx_word' id='word_1_93' title='bbox 64 805 215 847; x_wconf 85' lang='lat' dir='ltr'>habent</span> <span class='ocrx_word' id='word_1_94' title='bbox 248 803 406 844; x_wconf 79' lang='lat' dir='ltr'>Veteres.</span> <span class='ocrx_word' id='word_1_95' title='bbox 472 805 556 841; x_wconf 91' lang='lat' dir='ltr'>Nec</span> <span class='ocrx_word' id='word_1_96' title='bbox 587 801 686 841; x_wconf 87' lang='lat' dir='ltr'>adeo</span> <span class='ocrx_word' id='word_1_97' title='bbox 704 800 824 841; x_wconf 87' lang='lat' dir='ltr'>locum</span> <span class='ocrx_word' id='word_1_98' title='bbox 855 802 1018 842; x_wconf 85' lang='lat' dir='ltr'>habebit</span> <span class='ocrx_word' id='word_1_99' title='bbox 1050 802 1277 842; x_wconf 81' lang='lat' dir='ltr'>emendatio</span> <span class='ocrx_word' id='word_1_100' title='bbox 1304 803 1369 841; x_wconf 86' lang='lat' dir='ltr'>illa</span> <span class='ocrx_word' id='word_1_101' title='bbox 1394 801 1459 842; x_wconf 78' lang='lat' dir='ltr'>vel</span> 
     </span>
     <span class='ocr_line' id='line_1_13' title="bbox 63 857 1454 915; baseline -0.001 -16"><span class='ocrx_word' id='word_1_102' title='bbox 63 873 136 915; x_wconf 86' lang='lat' dir='ltr'>pro</span> <span class='ocrx_word' id='word_1_103' title='bbox 154 873 199 907; x_wconf 77' lang='lat' dir='ltr'>et,</span> <span class='ocrx_word' id='word_1_104' title='bbox 230 872 348 910; x_wconf 89' lang='lat' dir='ltr'>quam</span> <span class='ocrx_word' id='word_1_105' title='bbox 375 858 466 898; x_wconf 86' lang='lat' dir='ltr'>alibi</span> <span class='ocrx_word' id='word_1_106' title='bbox 491 857 764 909; x_wconf 85' lang='lat' dir='ltr'>reponendam</span> <span class='ocrx_word' id='word_1_107' title='bbox 791 857 1084 898; x_wconf 85' lang='lat' dir='ltr'>arbitrabamur.</span> <span class='ocrx_word' id='word_1_108' title='bbox 1142 859 1226 897; x_wconf 90' lang='lat' dir='ltr'>Nec</span> <span class='ocrx_word' id='word_1_109' title='bbox 1246 859 1352 897; x_wconf 84' lang='lat' dir='ltr'>enim</span> <span class='ocrx_word' id='word_1_110' title='bbox 1369 858 1454 898; x_wconf 75' lang='lat' dir='ltr'>dies</span> 
     </span>
     <span class='ocr_line' id='line_1_14' title="bbox 65 910 1453 969; baseline -0.004 -13"><span class='ocrx_word' id='word_1_111' title='bbox 65 917 122 956; x_wconf 86' lang='lat' dir='ltr'>illi</span> <span class='ocrx_word' id='word_1_112' title='bbox 151 916 198 956; x_wconf 89' lang='lat' dir='ltr'>ad</span> <span class='ocrx_word' id='word_1_113' title='bbox 217 927 366 955; x_wconf 86' lang='lat' dir='ltr'>annum</span> <span class='ocrx_word' id='word_1_114' title='bbox 382 914 654 969; x_wconf 80' lang='lat' dir='ltr'>praecedentem</span> <span class='ocrx_word' id='word_1_115' title='bbox 683 910 856 965; x_wconf 67' lang='lat' dir='ltr'>spe&amp;are</span> <span class='ocrx_word' id='word_1_116' title='bbox 875 911 1149 961; x_wconf 85' lang='lat' dir='ltr'>censebantur,</span> <span class='ocrx_word' id='word_1_117' title='bbox 1171 914 1240 965; x_wconf 85' lang='lat' dir='ltr'>qui</span> <span class='ocrx_word' id='word_1_118' title='bbox 1262 915 1453 954; x_wconf 79' lang='lat' dir='ltr'>Termina-</span> 
     </span>
     <span class='ocr_line' id='line_1_15' title="bbox 65 967 1453 1024; baseline -0.004 -11"><span class='ocrx_word' id='word_1_119' title='bbox 65 972 161 1014; x_wconf 82' lang='lat' dir='ltr'>libus</span> <span class='ocrx_word' id='word_1_120' title='bbox 181 971 504 1011; x_wconf 85' lang='lat' dir='ltr'>terminabantur.</span> <span class='ocrx_word' id='word_1_121' title='bbox 562 971 646 1010; x_wconf 88' lang='lat' dir='ltr'>Nec</span> <span class='ocrx_word' id='word_1_122' title='bbox 663 967 792 1009; x_wconf 89' lang='lat' dir='ltr'>rursus</span> <span class='ocrx_word' id='word_1_123' title='bbox 810 969 858 1010; x_wconf 88' lang='lat' dir='ltr'>ad</span> <span class='ocrx_word' id='word_1_124' title='bbox 871 969 1092 1024; x_wconf 72' lang='lat' dir='ltr'>sequentem,</span> <span class='ocrx_word' id='word_1_125' title='bbox 1112 970 1178 1022; x_wconf 92' lang='lat' dir='ltr'>qui</span> <span class='ocrx_word' id='word_1_126' title='bbox 1197 969 1373 1011; x_wconf 77' lang='lat' dir='ltr'>Kalendis</span> <span class='ocrx_word' id='word_1_127' title='bbox 1398 971 1453 1009; x_wconf 86' lang='lat' dir='ltr'>in·</span> 
     </span>
     <span class='ocr_line' id='line_1_16' title="bbox 66 1024 1451 1078; baseline -0.003 -10"><span class='ocrx_word' id='word_1_128' title='bbox 66 1029 147 1069; x_wconf 92' lang='lat' dir='ltr'>ibat</span> <span class='ocrx_word' id='word_1_129' title='bbox 174 1028 352 1069; x_wconf 87' lang='lat' dir='ltr'>Martiis.</span> <span class='ocrx_word' id='word_1_130' title='bbox 406 1029 456 1067; x_wconf 90' lang='lat' dir='ltr'>Et</span> <span class='ocrx_word' id='word_1_131' title='bbox 485 1024 577 1066; x_wconf 90' lang='lat' dir='ltr'>sane</span> <span class='ocrx_word' id='word_1_132' title='bbox 606 1025 655 1066; x_wconf 87' lang='lat' dir='ltr'>ad</span> <span class='ocrx_word' id='word_1_133' title='bbox 673 1024 960 1066; x_wconf 83' lang='lat' dir='ltr'>Merkedonium</span> <span class='ocrx_word' id='word_1_134' title='bbox 987 1024 1159 1078; x_wconf 64' lang='lat' dir='ltr'>special-e</span> <span class='ocrx_word' id='word_1_135' title='bbox 1187 1025 1451 1066; x_wconf 84' lang='lat' dir='ltr'>censebantur</span> 
     </span>
     <span class='ocr_line' id='line_1_17' title="bbox 65 1081 1457 1136; baseline -0.002 -11"><span class='ocrx_word' id='word_1_136' title='bbox 65 1084 121 1125; x_wconf 85' lang='lat' dir='ltr'>illi</span> <span class='ocrx_word' id='word_1_137' title='bbox 149 1082 217 1136; x_wconf 88' lang='lat' dir='ltr'>ipfi</span> <span class='ocrx_word' id='word_1_138' title='bbox 241 1084 325 1124; x_wconf 91' lang='lat' dir='ltr'>dies</span> <span class='ocrx_word' id='word_1_139' title='bbox 352 1083 493 1134; x_wconf 87' lang='lat' dir='ltr'>reliqui</span> <span class='ocrx_word' id='word_1_140' title='bbox 521 1081 731 1122; x_wconf 73' lang='lat' dir='ltr'>februarii.</span> <span class='ocrx_word' id='word_1_141' title='bbox 784 1082 830 1122; x_wconf 89' lang='lat' dir='ltr'>Id</span> <span class='ocrx_word' id='word_1_142' title='bbox 855 1083 972 1122; x_wconf 89' lang='lat' dir='ltr'>docet</span> <span class='ocrx_word' id='word_1_143' title='bbox 990 1084 1130 1130; x_wconf 82' lang='lat' dir='ltr'>Liuius,</span> <span class='ocrx_word' id='word_1_144' title='bbox 1154 1082 1222 1134; x_wconf 90' lang='lat' dir='ltr'>qui</span> <span class='ocrx_word' id='word_1_145' title='bbox 1246 1084 1457 1136; x_wconf 77' lang='lat' dir='ltr'>Scipionem</span> 
     </span>
     <span class='ocr_line' id='line_1_18' title="bbox 66 1135 1457 1193; baseline -0.001 -13"><span class='ocrx_word' id='word_1_146' title='bbox 66 1140 267 1193; x_wconf 79' lang='lat' dir='ltr'>Astaticum</span> <span class='ocrx_word' id='word_1_147' title='bbox 297 1135 551 1191; x_wconf 85' lang='lat' dir='ltr'>triumphasse</span> <span class='ocrx_word' id='word_1_148' title='bbox 570 1136 697 1178; x_wconf 89' lang='lat' dir='ltr'>scribit</span> <span class='ocrx_word' id='word_1_149' title='bbox 722 1151 802 1177; x_wconf 86' lang='lat' dir='ltr'>men</span> <span class='ocrx_word' id='word_1_150' title='bbox 821 1152 839 1177; x_wconf 88' lang='lat' dir='ltr'>e</span> <span class='ocrx_word' id='word_1_151' title='bbox 857 1138 1109 1187; x_wconf 79' lang='lat' dir='ltr'>Intercalan&#39;o,</span> <span class='ocrx_word' id='word_1_152' title='bbox 1126 1139 1250 1192; x_wconf 84' lang='lat' dir='ltr'>pridie</span> <span class='ocrx_word' id='word_1_153' title='bbox 1267 1139 1457 1180; x_wconf 81' lang='lat' dir='ltr'>Kalendas</span> 
     </span>
     <span class='ocr_line' id='line_1_19' title="bbox 65 1194 1456 1248; baseline -0.003 -9"><span class='ocrx_word' id='word_1_154' title='bbox 65 1198 248 1239; x_wconf 87' lang='lat' dir='ltr'>Martias.</span> <span class='ocrx_word' id='word_1_155' title='bbox 271 1197 462 1237; x_wconf 85' lang='lat' dir='ltr'>XXXVII.</span> <span class='ocrx_word' id='word_1_156' title='bbox 477 1207 542 1248; x_wconf 86' lang='lat'>59.</span> <span class='ocrx_word' id='word_1_157' title='bbox 590 1194 635 1235; x_wconf 90' lang='lat' dir='ltr'>Id</span> <span class='ocrx_word' id='word_1_158' title='bbox 655 1195 750 1235; x_wconf 76' lang='lat' dir='ltr'>Cato</span> <span class='ocrx_word' id='word_1_159' title='bbox 769 1194 811 1234; x_wconf 89' lang='lat' dir='ltr'>in</span> <span class='ocrx_word' id='word_1_160' title='bbox 832 1196 1036 1246; x_wconf 72' lang='lat' dir='ltr'>Pandeffls,</span> <span class='ocrx_word' id='word_1_161' title='bbox 1061 1195 1128 1247; x_wconf 89' lang='lat' dir='ltr'>qui</span> <span class='ocrx_word' id='word_1_162' title='bbox 1149 1194 1275 1246; x_wconf 75' lang='lat' dir='ltr'>mensis</span> <span class='ocrx_word' id='word_1_163' title='bbox 1293 1197 1456 1236; x_wconf 84' lang='lat' dir='ltr'>Interca-</span> 
     </span>
     <span class='ocr_line' id='line_1_20' title="bbox 66 1248 1454 1304; baseline -0.002 -10"><span class='ocrx_word' id='word_1_164' title='bbox 66 1252 158 1294; x_wconf 85' lang='lat' dir='ltr'>laris</span> <span class='ocrx_word' id='word_1_165' title='bbox 180 1253 261 1292; x_wconf 90' lang='lat' dir='ltr'>dies</span> <span class='ocrx_word' id='word_1_166' title='bbox 281 1262 464 1291; x_wconf 87' lang='lat' dir='ltr'>numerat</span> <span class='ocrx_word' id='word_1_167' title='bbox 481 1251 522 1290; x_wconf 85' lang='lat' dir='ltr'>in</span> <span class='ocrx_word' id='word_1_168' title='bbox 544 1248 769 1290; x_wconf 85' lang='lat' dir='ltr'>vniuersum</span> <span class='ocrx_word' id='word_1_169' title='bbox 790 1253 1003 1292; x_wconf 77' lang='lat' dir='ltr'>XXXVIII.</span> <span class='ocrx_word' id='word_1_170' title='bbox 1040 1253 1125 1291; x_wconf 92' lang='lat' dir='ltr'>Nec</span> <span class='ocrx_word' id='word_1_171' title='bbox 1145 1263 1278 1292; x_wconf 86' lang='lat' dir='ltr'>tamen</span> <span class='ocrx_word' id='word_1_172' title='bbox 1294 1253 1454 1304; x_wconf 85' lang='lat' dir='ltr'>proprie</span> 
     </span>
     <span class='ocr_line' id='line_1_21' title="bbox 68 1304 1457 1361; baseline 0 -12"><span class='ocrx_word' id='word_1_173' title='bbox 68 1310 117 1349; x_wconf 88' lang='lat' dir='ltr'>ad</span> <span class='ocrx_word' id='word_1_174' title='bbox 136 1309 289 1361; x_wconf 78' lang='lat' dir='ltr'>mensem</span> <span class='ocrx_word' id='word_1_175' title='bbox 309 1306 567 1348; x_wconf 83' lang='lat' dir='ltr'>Intercalarem</span> <span class='ocrx_word' id='word_1_176' title='bbox 588 1304 812 1359; x_wconf 58' lang='lat' dir='ltr'>speiiabant</span> <span class='ocrx_word' id='word_1_177' title='bbox 831 1306 1018 1348; x_wconf 84' lang='lat' dir='ltr'>Kalendae</span> <span class='ocrx_word' id='word_1_178' title='bbox 1044 1308 1137 1348; x_wconf 91' lang='lat' dir='ltr'>illae</span> <span class='ocrx_word' id='word_1_179' title='bbox 1155 1322 1236 1348; x_wconf 90' lang='lat' dir='ltr'>non</span> <span class='ocrx_word' id='word_1_180' title='bbox 1256 1306 1457 1349; x_wconf 74' lang='lat' dir='ltr'>Merlcedo-</span> 
     </span>
     <span class='ocr_line' id='line_1_22' title="bbox 68 1362 1457 1416; baseline -0.001 -10"><span class='ocrx_word' id='word_1_181' title='bbox 68 1368 132 1412; x_wconf 90' lang='lat' dir='ltr'>nii,</span> <span class='ocrx_word' id='word_1_182' title='bbox 166 1363 231 1405; x_wconf 89' lang='lat' dir='ltr'>sed</span> <span class='ocrx_word' id='word_1_183' title='bbox 247 1366 402 1414; x_wconf 72' lang='lat' dir='ltr'>Martii,</span> <span class='ocrx_word' id='word_1_184' title='bbox 415 1376 518 1416; x_wconf 89' lang='lat' dir='ltr'>quae</span> <span class='ocrx_word' id='word_1_185' title='bbox 533 1364 663 1403; x_wconf 90' lang='lat' dir='ltr'>locum</span> <span class='ocrx_word' id='word_1_186' title='bbox 681 1362 888 1404; x_wconf 86' lang='lat' dir='ltr'>habiturae</span> <span class='ocrx_word' id='word_1_187' title='bbox 908 1374 1020 1404; x_wconf 88' lang='lat' dir='ltr'>erant</span> <span class='ocrx_word' id='word_1_188' title='bbox 1037 1364 1080 1404; x_wconf 90' lang='lat' dir='ltr'>in</span> <span class='ocrx_word' id='word_1_189' title='bbox 1099 1365 1211 1404; x_wconf 89' lang='lat' dir='ltr'>annis</span> <span class='ocrx_word' id='word_1_190' title='bbox 1234 1365 1350 1405; x_wconf 89' lang='lat' dir='ltr'>etiam</span> <span class='ocrx_word' id='word_1_191' title='bbox 1363 1378 1457 1405; x_wconf 88' lang='lat' dir='ltr'>com·</span> 
     </span>
     <span class='ocr_line' id='line_1_23' title="bbox 67 1416 1457 1473; baseline -0.001 -11"><span class='ocrx_word' id='word_1_192' title='bbox 67 1419 413 1469; x_wconf 85' lang='lat' dir='ltr'>munibus,etiamfi</span> <span class='ocrx_word' id='word_1_193' title='bbox 440 1419 559 1460; x_wconf 80' lang='lat' dir='ltr'>nullae</span> <span class='ocrx_word' id='word_1_194' title='bbox 590 1416 826 1459; x_wconf 82' lang='lat' dir='ltr'>acceffiffent</span> <span class='ocrx_word' id='word_1_195' title='bbox 861 1421 954 1460; x_wconf 84' lang='lat' dir='ltr'>anni</span> <span class='ocrx_word' id='word_1_196' title='bbox 982 1420 1118 1462; x_wconf 87' lang='lat' dir='ltr'>Solaris</span> <span class='ocrx_word' id='word_1_197' title='bbox 1144 1418 1255 1473; x_wconf 82' lang='lat' dir='ltr'>supra</span> <span class='ocrx_word' id='word_1_198' title='bbox 1282 1424 1457 1460; x_wconf 81' lang='lat' dir='ltr'>Lunares</span> 
     </span>
     <span class='ocr_line' id='line_1_24' title="bbox 67 1475 1458 1533; baseline -0.002 -14"><span class='ocrx_word' id='word_1_199' title='bbox 67 1478 245 1533; x_wconf 68' lang='lat' dir='ltr'>Epaeiae,</span> <span class='ocrx_word' id='word_1_200' title='bbox 276 1476 456 1529; x_wconf 88' lang='lat' dir='ltr'>equibus</span> <span class='ocrx_word' id='word_1_201' title='bbox 484 1486 615 1515; x_wconf 84' lang='lat' dir='ltr'>tamen</span> <span class='ocrx_word' id='word_1_202' title='bbox 631 1475 724 1530; x_wconf 89' lang='lat' dir='ltr'>solis</span> <span class='ocrx_word' id='word_1_203' title='bbox 757 1476 1026 1517; x_wconf 82' lang='lat' dir='ltr'>conflabantur</span> <span class='ocrx_word' id='word_1_204' title='bbox 1059 1476 1306 1520; x_wconf 59' lang='lat' dir='ltr'>Mer-kedonii.</span> <span class='ocrx_word' id='word_1_205' title='bbox 1365 1478 1458 1526; x_wconf 82' lang='lat' dir='ltr'>Qua</span> 
     </span>
     <span class='ocr_line' id='line_1_25' title="bbox 70 1531 1458 1588; baseline -0.001 -12"><span class='ocrx_word' id='word_1_206' title='bbox 70 1546 204 1576; x_wconf 82' lang='lat' dir='ltr'>autem</span> <span class='ocrx_word' id='word_1_207' title='bbox 234 1533 332 1588; x_wconf 80' lang='lat' dir='ltr'>ipfize</span> <span class='ocrx_word' id='word_1_208' title='bbox 357 1534 397 1571; x_wconf 89' lang='lat' dir='ltr'>in</span> <span class='ocrx_word' id='word_1_209' title='bbox 422 1531 754 1573; x_wconf 84' lang='lat' dir='ltr'>Merkedoniorum</span> <span class='ocrx_word' id='word_1_210' title='bbox 780 1531 939 1573; x_wconf 87' lang='lat' dir='ltr'>censum</span> <span class='ocrx_word' id='word_1_211' title='bbox 968 1534 1198 1582; x_wconf 85' lang='lat' dir='ltr'>veniebant,</span> <span class='ocrx_word' id='word_1_212' title='bbox 1228 1534 1295 1585; x_wconf 91' lang='lat' dir='ltr'>qui</span> <span class='ocrx_word' id='word_1_213' title='bbox 1321 1533 1458 1585; x_wconf 73' lang='lat' dir='ltr'>menses</span> 
     </span>
     <span class='ocr_line' id='line_1_26' title="bbox 70 1588 1459 1644; baseline -0.001 -13"><span class='ocrx_word' id='word_1_214' title='bbox 70 1601 184 1631; x_wconf 84' lang='lat' dir='ltr'>erant</span> <span class='ocrx_word' id='word_1_215' title='bbox 213 1588 485 1633; x_wconf 72' lang='lat' dir='ltr'>Intercalaress</span> <span class='ocrx_word' id='word_1_216' title='bbox 527 1589 580 1629; x_wconf 88' lang='lat' dir='ltr'>ita</span> <span class='ocrx_word' id='word_1_217' title='bbox 607 1602 688 1627; x_wconf 88' lang='lat' dir='ltr'>non</span> <span class='ocrx_word' id='word_1_218' title='bbox 716 1588 968 1629; x_wconf 84' lang='lat' dir='ltr'>incommode</span> <span class='ocrx_word' id='word_1_219' title='bbox 992 1603 1063 1641; x_wconf 89' lang='lat' dir='ltr'>pro</span> <span class='ocrx_word' id='word_1_220' title='bbox 1090 1591 1210 1644; x_wconf 71' lang='lat' dir='ltr'>mense</span> <span class='ocrx_word' id='word_1_221' title='bbox 1235 1591 1459 1631; x_wconf 78' lang='lat' dir='ltr'>Intercalari</span> 
     </span>
     <span class='ocr_line' id='line_1_27' title="bbox 71 1642 1458 1698; baseline -0.001 -11"><span class='ocrx_word' id='word_1_222' title='bbox 71 1646 208 1687; x_wconf 85' lang='lat' dir='ltr'>haberi</span> <span class='ocrx_word' id='word_1_223' title='bbox 235 1644 340 1698; x_wconf 90' lang='lat' dir='ltr'>ipsae</span> <span class='ocrx_word' id='word_1_224' title='bbox 359 1657 520 1696; x_wconf 87' lang='lat' dir='ltr'>quoque</span> <span class='ocrx_word' id='word_1_225' title='bbox 545 1658 617 1697; x_wconf 87' lang='lat' dir='ltr'>per</span> <span class='ocrx_word' id='word_1_226' title='bbox 637 1642 677 1684; x_wconf 88' lang='lat' dir='ltr'>se</span> <span class='ocrx_word' id='word_1_227' title='bbox 694 1655 889 1696; x_wconf 87' lang='lat' dir='ltr'>poterant,</span> <span class='ocrx_word' id='word_1_228' title='bbox 919 1645 961 1684; x_wconf 90' lang='lat' dir='ltr'>in</span> <span class='ocrx_word' id='word_1_229' title='bbox 990 1646 1101 1686; x_wconf 83' lang='lat' dir='ltr'>annis</span> <span class='ocrx_word' id='word_1_230' title='bbox 1120 1649 1238 1688; x_wconf 84' lang='lat' dir='ltr'>etiam</span> <span class='ocrx_word' id='word_1_231' title='bbox 1259 1650 1458 1687; x_wconf 77' lang='lat' dir='ltr'>communi-</span> 
     </span>
    </p>

    <p class='ocr_par' dir='ltr' id='par_1_3' title="bbox 72 1699 1460 1756">
     <span class='ocr_line' id='line_1_28' title="bbox 72 1699 1460 1756; baseline -0.001 -12"><span class='ocrx_word' id='word_1_232' title='bbox 72 1703 152 1750; x_wconf 87' lang='lat' dir='ltr'>bus,</span> <span class='ocrx_word' id='word_1_233' title='bbox 174 1716 259 1741; x_wconf 90' lang='lat' dir='ltr'>cum</span> <span class='ocrx_word' id='word_1_234' title='bbox 281 1703 373 1742; x_wconf 84' lang='lat' dir='ltr'>nulli</span> <span class='ocrx_word' id='word_1_235' title='bbox 392 1699 517 1741; x_wconf 86' lang='lat' dir='ltr'>effent</span> <span class='ocrx_word' id='word_1_236' title='bbox 538 1712 744 1753; x_wconf 85' lang='lat' dir='ltr'>praeterea</span> <span class='ocrx_word' id='word_1_237' title='bbox 762 1700 1015 1742; x_wconf 82' lang='lat' dir='ltr'>Merkedonii.</span> <span class='ocrx_word' id='word_1_238' title='bbox 1072 1705 1130 1742; x_wconf 89' lang='lat' dir='ltr'>Ita</span> <span class='ocrx_word' id='word_1_239' title='bbox 1151 1704 1306 1752; x_wconf 58' lang='lat' dir='ltr'>faustum,</span> <span class='ocrx_word' id='word_1_240' title='bbox 1324 1715 1362 1743; x_wconf 90' lang='lat' dir='ltr'>vt</span> <span class='ocrx_word' id='word_1_241' title='bbox 1373 1715 1460 1756; x_wconf 87' lang='lat' dir='ltr'>per-</span> 
     </span>
    </p>

    <p class='ocr_par' dir='ltr' id='par_1_4' title="bbox 67 1755 1459 1872">
     <span class='ocr_line' id='line_1_29' title="bbox 67 1755 1459 1815; baseline 0.001 -16"><span class='ocrx_word' id='word_1_242' title='bbox 67 1772 201 1815; x_wconf 85' lang='lat' dir='ltr'>petuus</span> <span class='ocrx_word' id='word_1_243' title='bbox 224 1755 319 1797; x_wconf 75' lang='lat' dir='ltr'>effer</span> <span class='ocrx_word' id='word_1_244' title='bbox 341 1758 406 1796; x_wconf 89' lang='lat' dir='ltr'>ille</span> <span class='ocrx_word' id='word_1_245' title='bbox 424 1758 565 1798; x_wconf 83' lang='lat' dir='ltr'>dierum</span> <span class='ocrx_word' id='word_1_246' title='bbox 581 1757 819 1812; x_wconf 81' lang='lat' dir='ltr'>singulorum</span> <span class='ocrx_word' id='word_1_247' title='bbox 842 1758 1117 1799; x_wconf 86' lang='lat' dir='ltr'>Intercalarium</span> <span class='ocrx_word' id='word_1_248' title='bbox 1134 1759 1224 1799; x_wconf 74' lang='lat' dir='ltr'>{itus</span> <span class='ocrx_word' id='word_1_249' title='bbox 1241 1760 1346 1799; x_wconf 84' lang='lat' dir='ltr'>inter</span> <span class='ocrx_word' id='word_1_250' title='bbox 1369 1762 1459 1801; x_wconf 82' lang='lat' dir='ltr'>Ter-</span> 
     </span>
     <span class='ocr_line' id='line_1_30' title="bbox 72 1814 1458 1872; baseline -0.001 -15"><span class='ocrx_word' id='word_1_251' title='bbox 72 1814 224 1857; x_wconf 84' lang='lat' dir='ltr'>minalia</span> <span class='ocrx_word' id='word_1_252' title='bbox 243 1814 461 1868; x_wconf 83' lang='lat' dir='ltr'>mensemque</span> <span class='ocrx_word' id='word_1_253' title='bbox 485 1814 754 1859; x_wconf 84' lang='lat' dir='ltr'>Intercalarem,</span> <span class='ocrx_word' id='word_1_254' title='bbox 776 1815 842 1865; x_wconf 89' lang='lat' dir='ltr'>qui</span> <span class='ocrx_word' id='word_1_255' title='bbox 862 1815 1132 1856; x_wconf 84' lang='lat' dir='ltr'>Merkedonius</span> <span class='ocrx_word' id='word_1_256' title='bbox 1153 1828 1235 1856; x_wconf 88' lang='lat' dir='ltr'>erat</span> <span class='ocrx_word' id='word_1_257' title='bbox 1252 1820 1396 1872; x_wconf 82' lang='lat' dir='ltr'>integer</span> <span class='ocrx_word' id='word_1_258' title='bbox 1413 1817 1458 1856; x_wconf 89' lang='lat' dir='ltr'>in</span> 
     </span>
    </p>

    <p class='ocr_par' dir='ltr' id='par_1_5' title="bbox 73 1869 1460 1926">
     <span class='ocr_line' id='line_1_31' title="bbox 73 1869 1460 1926; baseline 0.002 -17"><span class='ocrx_word' id='word_1_259' title='bbox 73 1873 184 1913; x_wconf 85' lang='lat' dir='ltr'>annis</span> <span class='ocrx_word' id='word_1_260' title='bbox 204 1870 484 1913; x_wconf 75' lang='lat' dir='ltr'>Embolzmaeis;</span> <span class='ocrx_word' id='word_1_261' title='bbox 521 1869 756 1910; x_wconf 81' lang='lat' dir='ltr'>Intercalaris</span> <span class='ocrx_word' id='word_1_262' title='bbox 775 1881 906 1910; x_wconf 87' lang='lat' dir='ltr'>autem</span> <span class='ocrx_word' id='word_1_263' title='bbox 924 1871 1076 1911; x_wconf 87' lang='lat' dir='ltr'>breuior</span> <span class='ocrx_word' id='word_1_264' title='bbox 1099 1884 1123 1910; x_wconf 89' lang='lat' dir='ltr'>e</span> <span class='ocrx_word' id='word_1_265' title='bbox 1141 1875 1267 1926; x_wconf 83' lang='lat' dir='ltr'>quinis</span> <span class='ocrx_word' id='word_1_266' title='bbox 1286 1873 1357 1912; x_wconf 86' lang='lat' dir='ltr'>illis</span> <span class='ocrx_word' id='word_1_267' title='bbox 1378 1874 1460 1912; x_wconf 85' lang='lat' dir='ltr'>die-</span> 
     </span>
    </p>

    <p class='ocr_par' dir='ltr' id='par_1_6' title="bbox 73 1925 1457 1979">
     <span class='ocr_line' id='line_1_32' title="bbox 73 1925 1457 1979; baseline 0 -11"><span class='ocrx_word' id='word_1_268' title='bbox 73 1928 147 1968; x_wconf 85' lang='lat' dir='ltr'>bus</span> <span class='ocrx_word' id='word_1_269' title='bbox 180 1926 506 1968; x_wconf 76' lang='lat' dir='ltr'>Merkedoniorum</span> <span class='ocrx_word' id='word_1_270' title='bbox 532 1925 809 1979; x_wconf 83' lang='lat' dir='ltr'>appendicibus,</span> <span class='ocrx_word' id='word_1_271' title='bbox 837 1927 879 1966; x_wconf 89' lang='lat' dir='ltr'>in</span> <span class='ocrx_word' id='word_1_272' title='bbox 906 1929 1017 1968; x_wconf 86' lang='lat' dir='ltr'>annis</span> <span class='ocrx_word' id='word_1_273' title='bbox 1045 1929 1161 1968; x_wconf 86' lang='lat' dir='ltr'>etiam</span> <span class='ocrx_word' id='word_1_274' title='bbox 1202 1928 1457 1970; x_wconf 81' lang='lat' dir='ltr'>communibus.</span> 
     </span>
    </p>

    <p class='ocr_par' dir='ltr' id='par_1_7' title="bbox 71 1982 1470 2095">
     <span class='ocr_line' id='line_1_33' title="bbox 71 1982 1458 2035; baseline 0.002 -14"><span class='ocrx_word' id='word_1_275' title='bbox 71 1986 198 2034; x_wconf 91' lang='lat' dir='ltr'>quue</span> <span class='ocrx_word' id='word_1_276' title='bbox 225 1983 356 2023; x_wconf 88' lang='lat' dir='ltr'>dedita</span> <span class='ocrx_word' id='word_1_277' title='bbox 385 1995 505 2035; x_wconf 90' lang='lat' dir='ltr'>opera</span> <span class='ocrx_word' id='word_1_278' title='bbox 532 1982 689 2031; x_wconf 57' lang='lat' dir='ltr'>fanum,</span> <span class='ocrx_word' id='word_1_279' title='bbox 717 1992 755 2021; x_wconf 89' lang='lat' dir='ltr'>vt</span> <span class='ocrx_word' id='word_1_280' title='bbox 782 1983 913 2022; x_wconf 91' lang='lat' dir='ltr'>locum</span> <span class='ocrx_word' id='word_1_281' title='bbox 945 1985 1102 2024; x_wconf 86' lang='lat' dir='ltr'>medium</span> <span class='ocrx_word' id='word_1_282' title='bbox 1138 1995 1323 2025; x_wconf 87' lang='lat' dir='ltr'>tenerent</span> <span class='ocrx_word' id='word_1_283' title='bbox 1351 1986 1458 2024; x_wconf 88' lang='lat' dir='ltr'>inter</span> 
     </span>
     <span class='ocr_line' id='line_1_34' title="bbox 74 2037 1470 2095; baseline 0 -16"><span class='ocrx_word' id='word_1_284' title='bbox 74 2053 223 2079; x_wconf 88' lang='lat' dir='ltr'>annum</span> <span class='ocrx_word' id='word_1_285' title='bbox 241 2052 406 2085; x_wconf 86' lang='lat' dir='ltr'>veterem,</span> <span class='ocrx_word' id='word_1_286' title='bbox 437 2038 503 2089; x_wconf 89' lang='lat' dir='ltr'>qui</span> <span class='ocrx_word' id='word_1_287' title='bbox 531 2037 799 2079; x_wconf 85' lang='lat' dir='ltr'>Terminalibus</span> <span class='ocrx_word' id='word_1_288' title='bbox 820 2038 1030 2089; x_wconf 77' lang='lat' dir='ltr'>desinebat,</span> <span class='ocrx_word' id='word_1_289' title='bbox 1055 2054 1268 2095; x_wconf 85' lang='lat' dir='ltr'>nouumque,</span> <span class='ocrx_word' id='word_1_290' title='bbox 1298 2042 1365 2093; x_wconf 91' lang='lat' dir='ltr'>qui</span> <span class='ocrx_word' id='word_1_291' title='bbox 1385 2041 1470 2080; x_wconf 81' lang='lat' dir='ltr'>ini-‘</span> 
     </span>
    </p>

    <p class='ocr_par' dir='ltr' id='par_1_8' title="bbox 73 2094 1456 2151">
     <span class='ocr_line' id='line_1_35' title="bbox 73 2094 1456 2151; baseline 0.003 -16"><span class='ocrx_word' id='word_1_292' title='bbox 73 2096 140 2135; x_wconf 91' lang='lat' dir='ltr'>bat</span> <span class='ocrx_word' id='word_1_293' title='bbox 170 2111 190 2135; x_wconf 90' lang='lat' dir='ltr'>a</span> <span class='ocrx_word' id='word_1_294' title='bbox 210 2094 419 2150; x_wconf 70' lang='lat' dir='ltr'>Regifugio,</span> <span class='ocrx_word' id='word_1_295' title='bbox 450 2095 643 2134; x_wconf 89' lang='lat' dir='ltr'>immunes</span> <span class='ocrx_word' id='word_1_296' title='bbox 668 2095 837 2146; x_wconf 91' lang='lat' dir='ltr'>proinde</span> <span class='ocrx_word' id='word_1_297' title='bbox 861 2094 909 2135; x_wconf 86' lang='lat' dir='ltr'>ab</span> <span class='ocrx_word' id='word_1_298' title='bbox 932 2095 1130 2147; x_wconf 79' lang='lat' dir='ltr'>vti-iusque</span> <span class='ocrx_word' id='word_1_299' title='bbox 1149 2099 1242 2138; x_wconf 86' lang='lat' dir='ltr'>anni</span> <span class='ocrx_word' id='word_1_300' title='bbox 1267 2099 1456 2151; x_wconf 83' lang='lat' dir='ltr'>auspiciis,</span> 
     </span>
    </p>

    <p class='ocr_par' dir='ltr' id='par_1_9' title="bbox 75 2149 1461 2206">
     <span class='ocr_line' id='line_1_36' title="bbox 75 2149 1461 2206; baseline 0.001 -15"><span class='ocrx_word' id='word_1_301' title='bbox 75 2149 141 2191; x_wconf 82' lang='lat' dir='ltr'>seu</span> <span class='ocrx_word' id='word_1_302' title='bbox 151 2151 299 2204; x_wconf 71' lang='lat' dir='ltr'>faustis,</span> <span class='ocrx_word' id='word_1_303' title='bbox 315 2150 377 2190; x_wconf 88' lang='lat' dir='ltr'>seu</span> <span class='ocrx_word' id='word_1_304' title='bbox 399 2150 516 2190; x_wconf 88' lang='lat' dir='ltr'>etiam</span> <span class='ocrx_word' id='word_1_305' title='bbox 535 2150 716 2204; x_wconf 73' lang='lat' dir='ltr'>infaustis.</span> <span class='ocrx_word' id='word_1_306' title='bbox 770 2151 849 2192; x_wconf 88' lang='lat' dir='ltr'>Sed</span> <span class='ocrx_word' id='word_1_307' title='bbox 868 2164 947 2202; x_wconf 88' lang='lat' dir='ltr'>quo</span> <span class='ocrx_word' id='word_1_308' title='bbox 959 2157 1117 2206; x_wconf 89' lang='lat' dir='ltr'>proprio</span> <span class='ocrx_word' id='word_1_309' title='bbox 1136 2155 1296 2193; x_wconf 88' lang='lat' dir='ltr'>demum</span> <span class='ocrx_word' id='word_1_310' title='bbox 1316 2158 1461 2194; x_wconf 79' lang='lat' dir='ltr'>nomine</span> 
     </span>
    </p>

    <p class='ocr_par' dir='ltr' id='par_1_10' title="bbox 75 2206 1459 2260">
     <span class='ocr_line' id='line_1_37' title="bbox 75 2206 1459 2260; baseline 0.003 -15"><span class='ocrx_word' id='word_1_311' title='bbox 75 2206 245 2260; x_wconf 83' lang='lat' dir='ltr'>fingulos</span> <span class='ocrx_word' id='word_1_312' title='bbox 265 2207 382 2246; x_wconf 85' lang='lat' dir='ltr'>hosce</span> <span class='ocrx_word' id='word_1_313' title='bbox 403 2206 484 2245; x_wconf 87' lang='lat' dir='ltr'>dies</span> <span class='ocrx_word' id='word_1_314' title='bbox 505 2208 748 2247; x_wconf 87' lang='lat' dir='ltr'>Intercalares</span> <span class='ocrx_word' id='word_1_315' title='bbox 767 2206 1025 2260; x_wconf 81' lang='lat' dir='ltr'>defignandos</span> <span class='ocrx_word' id='word_1_316' title='bbox 1046 2210 1344 2250; x_wconf 79' lang='lat' dir='ltr'>arbitrabimur?</span> <span class='ocrx_word' id='word_1_317' title='bbox 1366 2213 1400 2249; x_wconf 89' lang='lat' dir='ltr'>N</span> <span class='ocrx_word' id='word_1_318' title='bbox 1405 2224 1459 2249; x_wconf 82' lang='lat' dir='ltr'>on</span> 
     </span>
    </p>

    <p class='ocr_par' dir='ltr' id='par_1_11' title="bbox 78 2261 1459 2314">
     <span class='ocr_line' id='line_1_38' title="bbox 78 2261 1459 2314; baseline 0.001 -11"><span class='ocrx_word' id='word_1_319' title='bbox 78 2265 153 2303; x_wconf 79' lang='lat' dir='ltr'>alio</span> <span class='ocrx_word' id='word_1_320' title='bbox 174 2263 318 2314; x_wconf 88' lang='lat' dir='ltr'>vtique,</span> <span class='ocrx_word' id='word_1_321' title='bbox 346 2276 462 2314; x_wconf 87' lang='lat' dir='ltr'>quam</span> <span class='ocrx_word' id='word_1_322' title='bbox 489 2261 734 2303; x_wconf 87' lang='lat' dir='ltr'>Kalendarum</span> <span class='ocrx_word' id='word_1_323' title='bbox 754 2263 1047 2305; x_wconf 70' lang='lat' dir='ltr'>Intercalar&#39;ncm.</span> <span class='ocrx_word' id='word_1_324' title='bbox 1106 2269 1193 2305; x_wconf 90' lang='lat' dir='ltr'>Hoc</span> <span class='ocrx_word' id='word_1_325' title='bbox 1210 2280 1280 2306; x_wconf 85' lang='lat' dir='ltr'>nos</span> <span class='ocrx_word' id='word_1_326' title='bbox 1299 2267 1459 2313; x_wconf 80' lang='lat' dir='ltr'>fefellit,</span> 
     </span>
    </p>

    <p class='ocr_par' dir='ltr' id='par_1_12' title="bbox 76 2317 1458 2374">
     <span class='ocr_line' id='line_1_39' title="bbox 76 2317 1458 2374; baseline 0.003 -17"><span class='ocrx_word' id='word_1_327' title='bbox 76 2329 115 2357; x_wconf 85' lang='lat' dir='ltr'>vt</span> <span class='ocrx_word' id='word_1_328' title='bbox 134 2317 201 2358; x_wconf 84' lang='lat' dir='ltr'>has</span> <span class='ocrx_word' id='word_1_329' title='bbox 220 2319 336 2359; x_wconf 84' lang='lat' dir='ltr'>etiam</span> <span class='ocrx_word' id='word_1_330' title='bbox 359 2318 545 2359; x_wconf 82' lang='lat' dir='ltr'>Kalendas</span> <span class='ocrx_word' id='word_1_331' title='bbox 570 2320 816 2360; x_wconf 85' lang='lat' dir='ltr'>Intercalares</span> <span class='ocrx_word' id='word_1_332' title='bbox 833 2319 880 2359; x_wconf 89' lang='lat' dir='ltr'>ad</span> <span class='ocrx_word' id='word_1_333' title='bbox 904 2319 1034 2361; x_wconf 89' lang='lat' dir='ltr'>Nonas</span> <span class='ocrx_word' id='word_1_334' title='bbox 1053 2321 1209 2374; x_wconf 85' lang='lat' dir='ltr'>Idusque</span> <span class='ocrx_word' id='word_1_335' title='bbox 1227 2322 1458 2362; x_wconf 78' lang='lat' dir='ltr'>referendas</span> 
     </span>
    </p>

    <p class='ocr_par' dir='ltr' id='par_1_13' title="bbox 77 2374 1458 2429">
     <span class='ocr_line' id='line_1_40' title="bbox 77 2374 1458 2429; baseline 0.001 -14"><span class='ocrx_word' id='word_1_336' title='bbox 77 2374 370 2423; x_wconf 86' lang='lat' dir='ltr'>arbitraremur,</span> <span class='ocrx_word' id='word_1_337' title='bbox 396 2375 527 2425; x_wconf 75' lang='lat' dir='ltr'>vtique</span> <span class='ocrx_word' id='word_1_338' title='bbox 548 2374 718 2414; x_wconf 79' lang='lat' dir='ltr'>fimiliter</span> <span class='ocrx_word' id='word_1_339' title='bbox 745 2375 993 2423; x_wconf 85' lang='lat' dir='ltr'>IntercaIares,</span> <span class='ocrx_word' id='word_1_340' title='bbox 1024 2387 1064 2416; x_wconf 87' lang='lat' dir='ltr'>et</span> <span class='ocrx_word' id='word_1_341' title='bbox 1079 2380 1232 2429; x_wconf 73' lang='lat' dir='ltr'>mensem</span> <span class='ocrx_word' id='word_1_342' title='bbox 1249 2379 1348 2418; x_wconf 87' lang='lat' dir='ltr'>adeo</span> <span class='ocrx_word' id='word_1_343' title='bbox 1368 2382 1458 2418; x_wconf 84' lang='lat' dir='ltr'>inte-</span> 
     </span>
    </p>

    <p class='ocr_par' dir='ltr' id='par_1_14' title="bbox 72 2429 1459 2542">
     <span class='ocr_line' id='line_1_41' title="bbox 72 2429 1458 2486; baseline 0.002 -17"><span class='ocrx_word' id='word_1_344' title='bbox 72 2444 206 2486; x_wconf 79' lang='lat' dir='ltr'>grum,</span> <span class='ocrx_word' id='word_1_345' title='bbox 238 2430 305 2480; x_wconf 88' lang='lat' dir='ltr'>qui</span> <span class='ocrx_word' id='word_1_346' title='bbox 333 2429 519 2471; x_wconf 86' lang='lat' dir='ltr'>Kalendas</span> <span class='ocrx_word' id='word_1_347' title='bbox 548 2430 746 2471; x_wconf 86' lang='lat' dir='ltr'>secuturus</span> <span class='ocrx_word' id='word_1_348' title='bbox 771 2430 900 2478; x_wconf 85' lang='lat' dir='ltr'>fuerit,</span> <span class='ocrx_word' id='word_1_349' title='bbox 931 2433 1204 2474; x_wconf 86' lang='lat' dir='ltr'>Intercalarem.</span> <span class='ocrx_word' id='word_1_350' title='bbox 1261 2436 1369 2473; x_wconf 80' lang='lat' dir='ltr'>Male</span> <span class='ocrx_word' id='word_1_351' title='bbox 1393 2435 1458 2472; x_wconf 77' lang='lat' dir='ltr'>vti-</span> 
     </span>
     <span class='ocr_line' id='line_1_42' title="bbox 78 2485 1459 2542; baseline 0.003 -18"><span class='ocrx_word' id='word_1_352' title='bbox 78 2498 169 2539; x_wconf 89' lang='lat' dir='ltr'>que,</span> <span class='ocrx_word' id='word_1_353' title='bbox 197 2499 284 2524; x_wconf 83' lang='lat' dir='ltr'>cum</span> <span class='ocrx_word' id='word_1_354' title='bbox 312 2486 432 2525; x_wconf 87' lang='lat' dir='ltr'>nullae</span> <span class='ocrx_word' id='word_1_355' title='bbox 459 2487 608 2526; x_wconf 89' lang='lat' dir='ltr'>fuerint</span> <span class='ocrx_word' id='word_1_356' title='bbox 634 2488 674 2525; x_wconf 90' lang='lat' dir='ltr'>in</span> <span class='ocrx_word' id='word_1_357' title='bbox 701 2485 838 2526; x_wconf 85' lang='lat' dir='ltr'>mense</span> <span class='ocrx_word' id='word_1_358' title='bbox 856 2488 1074 2528; x_wconf 86' lang='lat' dir='ltr'>Intercalari</span> <span class='ocrx_word' id='word_1_359' title='bbox 1101 2491 1259 2542; x_wconf 88' lang='lat' dir='ltr'>proprie</span> <span class='ocrx_word' id='word_1_360' title='bbox 1278 2490 1325 2528; x_wconf 79' lang='lat' dir='ltr'>{ic</span> <span class='ocrx_word' id='word_1_361' title='bbox 1345 2491 1459 2537; x_wconf 65' lang='lat' dir='ltr'>dicio,</span> 
     </span>
    </p>

    <p class='ocr_par' dir='ltr' id='par_1_15' title="bbox 79 2541 1460 2599">
     <span class='ocr_line' id='line_1_43' title="bbox 79 2541 1460 2599; baseline 0.004 -20"><span class='ocrx_word' id='word_1_362' title='bbox 79 2543 147 2594; x_wconf 87' lang='lat' dir='ltr'>qui</span> <span class='ocrx_word' id='word_1_363' title='bbox 166 2542 267 2580; x_wconf 87' lang='lat' dir='ltr'>inter</span> <span class='ocrx_word' id='word_1_364' title='bbox 287 2541 508 2582; x_wconf 76' lang='lat' dir='ltr'>Terminalia</span> <span class='ocrx_word' id='word_1_365' title='bbox 527 2542 832 2599; x_wconf 70' lang='lat' dir='ltr'>Regifiegiumque</span> <span class='ocrx_word' id='word_1_366' title='bbox 856 2545 1073 2585; x_wconf 79' lang='lat' dir='ltr'>intercalari</span> <span class='ocrx_word' id='word_1_367' title='bbox 1092 2544 1250 2594; x_wconf 85' lang='lat' dir='ltr'>solebat,</span> <span class='ocrx_word' id='word_1_368' title='bbox 1275 2545 1460 2586; x_wconf 80' lang='lat' dir='ltr'>Kalendae</span> 
     </span>
    </p>

    <p class='ocr_par' dir='ltr' id='par_1_16' title="bbox 78 2599 1458 2650">
     <span class='ocr_line' id='line_1_44' title="bbox 78 2599 1458 2650; baseline 0.001 -11"><span class='ocrx_word' id='word_1_369' title='bbox 78 2599 333 2639; x_wconf 75' lang='lat' dir='ltr'>Intercalares.</span> <span class='ocrx_word' id='word_1_370' title='bbox 393 2599 482 2646; x_wconf 87' lang='lat' dir='ltr'>Qua</span> <span class='ocrx_word' id='word_1_371' title='bbox 503 2601 609 2638; x_wconf 85' lang='lat' dir='ltr'>enim</span> <span class='ocrx_word' id='word_1_372' title='bbox 629 2599 833 2650; x_wconf 73' lang='lat' dir='ltr'>retrorsam</span> <span class='ocrx_word' id='word_1_373' title='bbox 852 2602 1048 2640; x_wconf 86' lang='lat' dir='ltr'>numerari</span> <span class='ocrx_word' id='word_1_374' title='bbox 1069 2600 1243 2640; x_wconf 81' lang='lat' dir='ltr'>solebant</span> <span class='ocrx_word' id='word_1_375' title='bbox 1265 2602 1458 2642; x_wconf 60' lang='lat' dir='ltr'>mennam</span> 
     </span>
    </p>

    <p class='ocr_par' dir='ltr' id='par_1_17' title="bbox 78 2653 1460 2706">
     <span class='ocr_line' id='line_1_45' title="bbox 78 2653 1460 2706; baseline 0.003 -13"><span class='ocrx_word' id='word_1_376' title='bbox 78 2653 266 2693; x_wconf 86' lang='lat' dir='ltr'>Kalendae</span> <span class='ocrx_word' id='word_1_377' title='bbox 293 2653 341 2693; x_wconf 80' lang='lat' dir='ltr'>ad</span> <span class='ocrx_word' id='word_1_378' title='bbox 361 2653 549 2692; x_wconf 81' lang='lat' dir='ltr'>mensium</span> <span class='ocrx_word' id='word_1_379' title='bbox 570 2656 895 2706; x_wconf 86' lang='lat' dir='ltr'>praecedentium</span> <span class='ocrx_word' id='word_1_380' title='bbox 916 2657 1011 2703; x_wconf 87' lang='lat' dir='ltr'>Idus,</span> <span class='ocrx_word' id='word_1_381' title='bbox 1039 2658 1090 2695; x_wconf 85' lang='lat' dir='ltr'>ita</span> <span class='ocrx_word' id='word_1_382' title='bbox 1115 2658 1372 2697; x_wconf 82' lang='lat' dir='ltr'>Terminalium</span> <span class='ocrx_word' id='word_1_383' title='bbox 1394 2672 1460 2697; x_wconf 88' lang='lat' dir='ltr'>no-</span> 
     </span>
    </p>

    <p class='ocr_par' dir='ltr' id='par_1_18' title="bbox 78 2708 1458 2764">
     <span class='ocr_line' id='line_1_46' title="bbox 78 2708 1458 2764; baseline 0.004 -15"><span class='ocrx_word' id='word_1_384' title='bbox 78 2724 160 2749; x_wconf 85' lang='lat' dir='ltr'>men</span> <span class='ocrx_word' id='word_1_385' title='bbox 181 2708 419 2762; x_wconf 84' lang='lat' dir='ltr'>numerosque</span> <span class='ocrx_word' id='word_1_386' title='bbox 436 2710 679 2761; x_wconf 80' lang='lat' dir='ltr'>accipiebant</span> <span class='ocrx_word' id='word_1_387' title='bbox 693 2715 879 2764; x_wconf 87' lang='lat' dir='ltr'>propriae,</span> <span class='ocrx_word' id='word_1_388' title='bbox 891 2711 916 2749; x_wconf 75' lang='lat' dir='ltr'>si</span> <span class='ocrx_word' id='word_1_389' title='bbox 935 2726 1036 2762; x_wconf 88' lang='lat' dir='ltr'>quae</span> <span class='ocrx_word' id='word_1_390' title='bbox 1051 2713 1144 2752; x_wconf 88' lang='lat' dir='ltr'>vllae</span> <span class='ocrx_word' id='word_1_391' title='bbox 1163 2712 1331 2760; x_wconf 71' lang='lat' dir='ltr'>fuissent,</span> <span class='ocrx_word' id='word_1_392' title='bbox 1351 2715 1458 2754; x_wconf 79' lang='lat' dir='ltr'>Mer-</span> 
     </span>
    </p>

    <p class='ocr_par' dir='ltr' id='par_1_19' title="bbox 79 2764 1459 2821">
     <span class='ocr_line' id='line_1_47' title="bbox 79 2764 1459 2821; baseline 0.001 -16"><span class='ocrx_word' id='word_1_393' title='bbox 79 2764 311 2808; x_wconf 78' lang='lat' dir='ltr'>kedomorum</span> <span class='ocrx_word' id='word_1_394' title='bbox 329 2765 524 2808; x_wconf 84' lang='lat' dir='ltr'>Kalendae.</span> <span class='ocrx_word' id='word_1_395' title='bbox 580 2767 737 2818; x_wconf 63' lang='lat' dir='ltr'>Dedin,</span> <span class='ocrx_word' id='word_1_396' title='bbox 757 2778 795 2807; x_wconf 85' lang='lat' dir='ltr'>vt</span> <span class='ocrx_word' id='word_1_397' title='bbox 813 2768 975 2817; x_wconf 77' lang='lat' dir='ltr'>videtur,</span> <span class='ocrx_word' id='word_1_398' title='bbox 1004 2780 1134 2820; x_wconf 83' lang='lat' dir='ltr'>opera,</span> <span class='ocrx_word' id='word_1_399' title='bbox 1155 2782 1206 2808; x_wconf 86' lang='lat' dir='ltr'>ne</span> <span class='ocrx_word' id='word_1_400' title='bbox 1223 2783 1316 2821; x_wconf 82' lang='lat' dir='ltr'>quas</span> <span class='ocrx_word' id='word_1_401' title='bbox 1337 2784 1459 2821; x_wconf 77' lang='lat' dir='ltr'>agno-</span> 
     </span>
    </p>

    <p class='ocr_par' dir='ltr' id='par_1_20' title="bbox 1302 2823 1455 2865">
     <span class='ocr_line' id='line_1_48' title="bbox 1302 2823 1455 2865; baseline -0.013 0"><span class='ocrx_word' id='word_1_402' title='bbox 1302 2823 1455 2865; x_wconf 71' lang='lat' dir='ltr'>scer-ent</span> 
     </span>
    </p>
   </div>
  </div>
 </body>
</html>
