1796 3120
0 1279 11 1392 ‚q-»s—2
0 1269 1 1273 Α

6 2374 7 2380 ᾼ
4 2346 7 2358 ,
0 2296 7 2328 ,-
0 2202 7 2274 »ιι-,Α-

299 125 383 164 AD
423 120 965 165 CHRoNOLOGIAM
1002 123 1257 163 moNrs.
1367 128 1481 176 2437

107 229 208 268 rioni
233 227 486 280 praecedenti
516 226 637 266 fuerit
661 226 906 266 accensitum.
961 228 1048 267 Hoc
1078 228 1184 264 enim
1219 224 1389 264 ostendit
1413 238 1482 263 no-

108 296 202 322 men
224 282 357 334 ipsum,
382 280 448 322 seu
473 284 649 323 Latinum
665 284 878 332 Nouilum'i,
913 281 976 322 seu
995 285 1173 324 Graerum
1196 289 1376 330 Νεμηνίας,
1408 281 1482 319 Lu·

108 353 178 379 nae
200 337 313 378 fuifl'e
330 339 469 391 potius,
498 353 616 390 quam
639 339 855 386 inchoabat,
884 352 1013 387 nouae,
1041 351 1158 389 quam
1181 340 1329 386 veteris,
1362 350 1481 388 quam

107 394 345 446 sequebatur
360 394 436 434 iam
453 395 611 446 penitus
631 395 887 434 terminatam.
946 395 1064 435 Refte
1089 407 1185 447 ergo
1204 394 1301 433 illud
1319 406 1390 445 pro
1403 395 1482 445 pri-

107 464 166 492 mo
186 449 380 501 sequentis
397 452 488 490 anni
508 451 656 499 lunaris,-
678 450 884 491 Nouilunio
913 450 1111 490 habebant
1138 448 1370 495 Astronomi,
1388 462 1482 500 qua-

110 508 156 546 lis
182 507 243 545 hic
261 518 343 545 erat
363 507 571 555 Tua-ratius,
603 502 670 557 qui
693 507 845 545 calculis
865 506 915 544 vti
937 504 1061 545 solent
1082 505 1372 545 accuratissimis.
1419 505 1482 544 Sic

110 576 236 603 annus
255 563 321 600 ille
338 564 411 600 erit
437 563 578 616 Olymp.
598 576 633 605 2.
646 564 798 614 primus,
831 575 908 613 qua
929 562 1087 611 quidem
1109 564 1199 600 anni
1227 561 1482 614 Olympiadum

108 632 182 672 per
204 619 323 657 lunas
346 622 490 659 Atticas
510 620 681 658 inuicem
709 617 974 670 distinguendi
994 628 1117 655 erant.
1177 617 1275 658 Fieri
1305 618 1484 667 denique

109 674 247 726 potest,
279 685 317 712 vt
342 674 380 712 in
414 675 483 714 hae
513 676 729 726 Proleptica«
749 673 860 724 Cycli
883 673 1069 712 Metonici
1088 671 1372 724 supputatione,
1396 674 1503 719 dies,—

110 731 189 781 qui,
211 744 282 782 pro
304 730 447 783 Calippi
466 731 620 777 calculo,
641 728 824 768 demendi
850 738 972 775 erant,
991 727 1202 779 astronomi
1224 730 1482 768 detraxerint.

110 788 173 827 Sic
200 785 334 834 fieret,
366 798 401 824 rt
431 800 511 825 non
537 787 660 838 longe
695 782 933 824 discess'erint
971 799 991 823 a
1022 784 1124 822 ciuili
1151 784 1481 824 Hecatombaeom's

110 843 337 888 Nouilunio,
367 843 473 892 quod
502 855 581 880 non
612 852 744 880 tamen·
767 840 886 879 fuerit
913 840 1129 892 eclipticum.
1185 844 1336 880 Vocem
1367 858 1484 879 παντε·

111 901 187 947 λῶς,
219 898 244 936 fi
265 897 425 948 quidem
459 897 650 949 acceperit
668 912 688 936 a
713 897 898 936 Tarrutio
916 897 1150 945 Plutarchus,
1185 897 1237 936 ita
1257 897 1483 949 intelligem

111 954 200 993 dam
231 954 402 1000 arbitror,
432 967 513 993 non
543 951 646 1003 quafi
670 953 760 992 lucis
789 953 978 1003 vniuerfize
1006 953 1073 992 Sol
1117 953 1298 992 iauuram
1331 953 1503 999 feeerit,-

110 1009 235 1061 (quod
255 1008 486 1048 faliiffimum
505 1007 618 1049 fuifl'e
636 1009 781 1047 docent
802 1008 960 1048 tabulae
978 1007 1255 1060 astronomicae)
1292 1007 1356 1047 sed
1378 1008 1486 1059 quod

111 1065 209 1104 nihil
237 1063 384 1104 deeffet
412 1063 668 1105 necefl'arium
699 1065 747 1104 ad
775 1065 971 1117 integram
994 1064 1131 1117 eclipsis
1158 1077 1336 1104 naturam
1363 1062 1485 1104 absol-

111 1121 291 1160 vendam.
352 1118 545 1172 Opposuit
571 1121 756 1159 nimirum
781 1120 953 1170 τριακάδι,
983 1129 1070 1160 cum
1091 1121 1205 1160 Roma
1234 1121 1482 1167 conderetur,

109 1179 257 1218 minime
275 1177 482 1230 Eclipticae.
540 1178 689 1216 Deerat
711 1177 818 1215 enim
839 1178 955 1217 nodus
973 1177 1092 1229 plane
1113 1174 1358 1222 necessarius,
1379 1187 1428 1224 vt,
1442 1177 1484 1215 in

110 1232 177 1273 sua
194 1246 355 1284 quoque
375 1246 462 1272 vera
484 1238 643 1281 τριακάδι,
653 1233 758 1273 Luna
779 1232 874 1272 Solis
892 1234 1020 1272 lucem
1045 1248 1066 1272 a
1085 1234 1197 1272 nobis
1217 1233 1483 1284 interciperet,

111 1302 232 1340 quem
260 1300 391 1328 tamen
424 1288 486 1328 hic
507 1300 711 1340 praeterea
730 1288 884 1340 afflaeiffi‘
910 1287 1139 1341 fignificauit
1156 1290 1217 1329 ilia
1236 1302 1330 1328 voce
1348 1289 1485 1328 Tarru-

110 1349 198 1388 tius.
255 1346 360 1385 Hinc
388 1355 519 1385 autem
544 1345 641 1384 illud
668 1343 975 1392 obseruandum,
1016 1355 1055 1383 vt
1079 1345 1204 1385 menti
1227 1345 1400 1384 Tarrutii
1427 1358 1484 1384 re·

111 1400 389 1453 spondeamus,
432 1414 512 1439 non
534 1402 645 1441 aliam
666 1399 843 1440 sufficere
861 1405 1049 1449 τριακάδα,
1080 1415 1199 1453 quam
1225 1414 1327 1452 quae
1353 1399 1484 1441 fuiffet

112 1458 230 1498 eriam
252 1471 390 1497 reuera
416 1457 602 1510 Ecliptica.

223 1516 350 1566 Pergo
378 1514 464 1560 iam,
494 1524 532 1551 vt
558 1512 768 1562 ostendam,
791 1525 918 1564 quam,
941 1526 1044 1565 quae
1069 1513 1159 1559 dixi,
1182 1526 1269 1552 cum
1290 1511 1484 1564 sequenti·
1519 1515 1551 1551 §-
1567 1519 1622 1557 13·

113 1569 196 1617 bus,
216 1581 316 1620 quae
336 1570 429 1609 inde
445 1569 635 1621 pendent,
665 1581 841 1609 accurate
861 1570 1113 1610 conueniant.
1173 1570 1240 1609 Ait
1252 1569 1482 1618 Plutarchus,
1497 1559 1630 1635 'isansp-

113 1638 183 1678 pro
210 1625 315 1665 distis
351 1627 521 1665 Tarrutii
559 1623 790 1673 rationibus,
821 1626 861 1663 in
890 1627 1017 1664 lucem
1047 1626 1195 1665 editum
1223 1623 1337 1665 fuisse
1361 1626 1483 1666 Thoth
1496 1613 1620 1680 ‘2132‘

115 1682 346 1733 Aegyptiaci
362 1682 550 1736 fiquentis
577 1682 640 1721 die
665 1695 746 1721 xxr.
777 1683 1032 1721 Interuallum
1061 1681 1116 1720 est
1144 1682 1268 1721 forma
1297 1682 1481 1734 Epochae
1492 1700 1609 1728 χχιν.

114 1737 407 1789 Nabonaffiireae
436 1739 587 1778 dierum
606 1750 699 1791 273.
746 1738 883 1778 Simile
909 1738 1158 1788 interuallum
1179 1737 1233 1776 est
1253 1738 1355 1777 inter
1379 1739 1482 1777 Iunii
1495 1748 1554 1778 pro
1570 1737 1650 1788 ’sen-

116 1806 225 1833 xxlv.
257 1795 347 1832 anni
375 1794 560 1845 praediffl
592 1805 632 1832 et
658 1796 796 1835 Martii
824 1792 1019 1843 sequentis
1047 1794 1149 1833 diem
1171 1793 1341 1833 similiter
1366 1790 1600 1858 xxiv.'{¹¹‘¹{

116 1849 209 1887 anni
231 1853 312 1888 Per.
330 1849 395 1888 Iul.
409 1863 527 1904 3943.
548 1863 626 1900 quo
648 1851 814 1901 proinde
840 1863 967 1889 natum
986 1850 1178 1890 Romulum
1204 1849 1377 1892 statuerit
1401 1852 1486 1892 Tar·
1498 1839 1652 1912 „if-”130

116 1907 248 1944 ratius.
307 1907 528 1957 Vtrobique
564 1919 693 1945 nouem
721 1906 889 1956 mergfi'um
924 1904 1086 1957 spatium
1125 1906 1180 1945 est
1204 1907 1242 1944 in
1266 1907 1484 1958 puerperiis
1499 1927 1615 1958 nempe

118 1962 430 2012 receptiffimum.
488 1960 635 2009 Nescio,
666 1963 807 2012 ecquid
827 1965 958 2002 ominis
978 1962 1071 2001 inde
1092 1963 1249 2013 captarit
1274 1963 1485 2010 Tarrutius,
1499 1963 1614 2013 Aequi-

118 2017 226 2067 quod
257 2018 320 2056 die
341 2016 421 2069 ipso
439 2017 599 2069 solstitii
622 2019 724 2070 apud
748 2019 851 2056 ciues
879 2017 964 2057 suos
985 2019 1167 2058 Romanos
1193 2019 1339 2070 recepti
1370 2006 1600 2083 conce-gfff}

114 2082 204 2127 ptus
242 2074 360 2112 fuerit
405 2075 582 2113 Ciuitatis
611 2075 809 2114 Conditor.
868 2074 912 2113 Id
940 2072 965 2111 fi
992 2075 1148 2121 fecerit,
1180 2060 1651 2127 consentaneumaraxub

118 2139 212 2176 erat,
231 2140 268 2167 vt
293 2130 548 2170 Nativitatem
568 2131 718 2170 Romuli
740 2130 949 2169 contulerit
970 2130 1011 2168 in
1033 2131 1325 2183 Aequinoctium.
1383 2132 1492 2170 Nihil

116 2185 225 2224 enim
256 2184 395 2224 horum
433 2200 481 2225 ex
507 2185 702 2226 Historicis
729 2187 995 2225 monumentis
1026 2186 1148 2227 hauiit
1180 2188 1390 2236 Tarrutius,
1424 2185 1492 2227 sed

119 2248 144 2278 ‘e
163 2242 312 2280 calculis
341 2242 530 2283 duntaxat
557 2242 822 2294 astronomicis.
883 2243 965 2281 Cur
995 2242 1129 2294 itaque
1158 2256 1237 2281 non
1264 2257 1335 2283 vno
1360 2242 1495 2282 saltem

120 2297 178 2336 die
199 2298 384 2336 calculum
416 2297 569 2338 suorum
592 2300 802 2338 auctiorem
831 2298 933 2344 fecit,
960 2308 997 2336 vt
1024 2299 1064 2337 in
1088 2300 1292 2338 Romanum
1324 2301 1495 2338 incurre-

123 2362 182 2390 ret
199 2356 492 2406 Aequinoc‘lium,
509 2355 656 2395 Martii
678 2356 816 2394 Iuliani
836 2354 940 2393 diem
960 2356 1082 2394 xxv?
1114 2360 1203 2395 Non
1226 2356 1411 2406 equidem
1433 2355 1496 2393 ab·

122 2405 235 2446 surde
268 2417 367 2448 torte
398 2409 670 2461 suspicabimur
699 2410 847 2450 causam
881 2408 1012 2458 fuiffe,
1043 2412 1150 2463 quod
1171 2414 1209 2450 in
1238 2410 1364 2463 ipsum
1385 2412 1496 2449 illum

123 2462 227 2501 diem
249 2466 393 2504 Martii
411 2480 525 2506 xxlv.
552 2468 793 2507 contulerint
811 2466 1032 2518 Asty-ommi,
1065 2479 1101 2506 vt
1123 2469 1174 2507 ita
1205 2468 1346 2518 punfiia
1368 2469 1497 2508 Cardi-

123 2518 219 2557 nalia
251 2522 378 2560 omnia
406 2536 484 2562 non
516 2524 674 2572 quidem
705 2525 744 2561 in
776 2523 1028 2564 Kalendarum
1056 2525 1130 2563 dies
1158 2524 1329 2570 oc‘t‘auos,
1361 2522 1426 2562 secl
1455 2524 1498 2561 in

121 2574 289 2628 meusium
317 2578 390 2616 dies
420 2579 640 2617 inciderent
668 2593 779 2619 xx1v.
821 2589 858 2618 vt
887 2593 968 2619 mos
997 2592 1080 2619 erat
1112 2581 1212 2631 apud
1242 2578 1341 2630 ipsos
1380 2580 1499 2617 etiam

111 2629 312 2672 -Romanos
331 2633 371 2670 in
389 2633 553 2685 solstitio
574 2635 709 2690 aestiuo
728 2644 768 2674 et
785 2637 1026 2688 Aequinoc‘lio
1050 2635 1264 2676 autumnali.
1325 2635 1502 2674 Chaldaei

111 2703 119 2710 ⁴
795 2693 854 2731 Ff
881 2706 904 2745 5
1392 2701 1502 2729 certe

1404 2805 1418 2822 Ι
