1796 3120
265 117 351 158 AD
390 116 922 158 CHRONOLOGIAM
950 116 1233 182 mours,r
1338 132 1447 175 2441

79 224 139 264 nis
156 221 271 261 huius
298 220 390 262 anni
413 221 624 273 Caprotinis
651 220 698 260 ad
730 218 926 274 sequentis
954 223 1046 262 anni
1067 222 1217 275 Cyclici‚
1245 221 1312 273 q'ui
1341 225 1453 263 inter·

81 281 211 318 calaris
234 289 325 326 erat,
346 278 476 318 Nonas
508 275 682 317 eiusdem
709 277 849 317 mensis
869 279 1089 331 Caprotinas
1117 279 1198 319 dies
1229 278 1345 330 paulo
1366 280 1450 329 plu·

82 347 154 382 res,
185 347 333 385 nempe
352 335 394 372 in
415 332 637 373 vniuersum
658 340 748 387 548.
805 333 912 372 Nihil
931 345 1061 374 autem
1081 345 1194 382 vetat,
1222 347 1300 384 quo
1319 335 1449 375 minue

79 390 240 437 fuerint,
269 390 365 429 orbe
397 391 569 437 euoluto‚
599 391 805 444 Interreges
832 391 947 441 paulo
970 392 1108 442 plures,
1143 402 1180 430 vt
1197 391 1379 428 nonnulli
1396 390 1453 430 bis

81 447 293 486 tenuerint.
339 448 401 486 ,Et
418 457 600 497 poterant
618 446 744 493 etiarn,
775 456 867 484 ante
889 444 1121 496 sequentem
1143 459 1290 486 annum
1304 449 1452 498 penitus

82 500 267 554 elapsum,
299 501 348 541 de
369 515 476 541 nouo
497 504 594 555 Rege
613 501 781 541 creando
802 503 986 554 cogitare.
1042 504 1081 543 Si
1111 503 1272 553 quidem
1293 506 1368 542 dies
1393 501 1450 541 illi

79 568 256 599 accurate
274 558 523 610 intelligendi
545 555 687 604 essent,
716 557 768 596 ita
787 555 910 603 fieret,
940 568 977 595 vt
996 556 1132 597 mense
1147 559 1334 612 sequentis
1355 558 1450 597 anni

80 615 260 653 exeuntis
286 615 485 662 Ianuario,
518 615 579 652 vel
608 614 675 664 qui
702 613 875 652 Ianuario
896 623 979 651 tum
1006 612 1262 665 responderit,
1286 616 1335 654 de
1357 616 1451 669 Rege

28 701 30 707 .
81 671 267 724 eligendo
297 670 567 709 conuenirent.
624 669 745 709 Certe
766 679 857 708 ante
882 668 1067 719 aestatem,
1099 671 1188 720 quia
1219 672 1451 723 Olympiadis

28 732 32 736 '
82 739 173 766 xvl.
206 737 244 764 vt
265 727 357 773 dixi,
380 739 483 766 anno
507 728 626 779 primo
649 726 799 764 labente.
852 726 978 780 Etiam
998 736 1089 763 ante
1107 726 1250 771 Palilia,
1282 739 1319 765 vt
1339 729 1448 767 vnica

80 780 387 836 agnoscerentur
414 783 646 838 Interreguqm
673 781 813 821 Palilia.
855 783 972 820 Forte
998 794 1113 832 porro
1144 793 1234 821 ante
1261 783 1450 823 lum-tium

81 837 181 888 (vel,
211 839 279 888 qui
307 850 387 877 tum
425 838 544 877 suerit
578 839 617 876 in
640 840 782 878 Martii
803 837 899 884 loco,
926 836 1162 888 Ianuarium)
1191 849 1227 876 vt
1257 836 1305 877 {ic
1323 843 1450 882 vniam·

82 894 260 936 fueritin
279 896 499 949 Interregno
516 894 672 946 integer
692 907 817 933 annus
837 892 1012 945 Cyclicus.
1069 897 1222 933 Horum
1252 895 1358 933 enim
1379 898 1449 934 ini·

80 954 219 990 tiorum
240 952 416 996 alterurn,
435 950 540 1001 quod
568 950 609 988 in
633 951 722 989 Vere
741 950 868 988 locum
886 949 1079 1003 ¹habuerit,
1099 963 1170 1001 pro
1184 962 1363 1003 perpetuo
1383 966 1449 990 an-

80 1019 222 1046 norum
249 1006 404 1046 exordio
434 1006 609 1045 habiturn
640 1004 905 1054 existimarim,
936 1004 997 1044 vbi
1028 1016 1106 1060 tam
1137 1009 1218 1046 rari
1240 1017 1449 1046 occurrunt

78 1063 154 1102 dies
197 1065 423 1116 Regnorum
458 1062 610 1102 natales.
675 1065 782 1101 Haec
826 1073 958 1100 tamen
994 1075 1065 1112 pro
1108 1063 1320 1102 rationibus
1357 1064 1451 1103 Var-

78 1121 261 1165 romanis,
288 1131 389 1169 quae
410 1129 598 1169 poterunt
617 1118 731 1158 etiam
749 1118 796 1157 ad
808 1118 1030 1158 Catonianas
1046 1119 1177 1170 aptari,
1198 1131 1291 1169 quas
1302 1119 1451 1169 Diony-

70 1175 195 1229 fianas
209 1175 324 1214 etiam
343 1172 422 1213 esse
434 1174 610 1214 diximus.
621 1176 735 1214 Mors
748 1174 854 1212 enim
877 1175 1038 1220 Romuli,
1052 1188 1122 1226 pro
1143 1175 1286 1214 calculo
1298 1176 1452 1217 Catonis

81 1243 121 1270 et
138 1231 327 1282 Dionysii,
355 1230 517 1270 biennio
534 1231 662 1282 firior
682 1228 746 1278 est,
786 1228 1011 1283 speclatque
1035 1231 1084 1271 ad
1112 1243 1261 1270 annum
1289 1234 1375 1271 Per.
1395 1233 1452 1271 Iu-

78 1289 196 1328 lianae
216 1300 335 1342 3999.

192 1359 241 1396 Et
270 1355 428 1407 quidem
458 1353 524 1393 illo
551 1368 655 1394 anno
687 1354 844 1408 Eclipfi'n
871 1352 986 1395 fuisse
1012 1353 1270 1395 obseruarunt
1289 1354 1448 1411 Scaliger

83 1424 125 1453 et
144 1412 330 1459 Petamus,
351 1412 399 1451 ad
418 1423 533 1464 quam
551 1411 669 1450 verba
688 1423 862 1450 veterum
883 1412 933 1450 de
950 1411 1090 1464 Eclzpfi'
1110 1412 1150 1450 in
1171 1411 1278 1451 obitu
1300 1412 1448 1451 Romuli

83 1469 292 1509 referenda
314 1464 391 1506 effe
410 1466 655 1506 arbitrantur.
687 1470 782 1508 Eam
799 1466 956 1518 Eclisfin
977 1470 1075 1507 Maii
1090 1468 1227 1507 Iuliani
1250 1469 1313 1507 die
1330 1482 1443 1509 xxvx.

83 1522 285 1577 contigifl'e
305 1524 452 1562 volunt.
511 1526 560 1563 Et
578 1522 740 1573 quidem
757 1525 797 1562 in
819 1538 923 1563 anno
945 1524 1054 1576 Cycli
1076 1527 1259 1564 Metonici
1276 1539 1357 1565 xm.
1379 1527 1445 1576 qui

81 1581 227 1622 Iuliano
248 1593 351 1618 anno
372 1578 427 1617 illi
449 1592 519 1630 pro
534 1582 662 1631 priori
681 1591 793 1632 parte
814 1579 1037 1632 respondet,
1071 1580 1326 1635 Thargeliom's
1345 1582 1445 1621 attici

82 1638 219 1686 τριακαές
235 1637 276 1675 in
295 1638 396 1676 Maii
425 1635 564 1674 Iuliani
590 1635 669 1675 dies
688 1640 734 1698 {g
756 1637 901 1685 incidit,
933 1649 1035 1688 quae
1066 1638 1161 1676 ratio
1189 1636 1272 1677 satis
1301 1648 1382 1677 erat
1411 1647 1447 1677 vt

1475 1362 1506 1396 §·
1530 1359 1585 1393 16.

1460 1402 1592 1444 Faeligfin

1456 1450 1538 1480 Solis

1454 1494 1606 1525 ann.Per.

1457 1541 1518 1570 lul.

1458 1591 1561 1627 3999·

1457 1630 1540 1660 Maii
1549 1629 1607 1659 Iu-

1458 1673 1538 1704 liani
1551 1672 1608 1706 die

82 1706 264 1758 Ecliptica
290 1704 518 1744 crederetur
549 1719 569 1744 a
590 1704 716 1743 minus
742 1706 894 1757 peritis,
942 1719 1058 1756 quam
1094 1706 1211 1745 fuerit
1236 1707 1570 1754 Tarrmiusffixw.

84 1761 308 1814 Astrologis.
329 1760 476 1800 Calculi
497 1762 603 1800 enirn
623 1760 685 1799 hic
703 1774 878 1802 accurate
898 1761 1008 1813 positi
1027 1772 1147 1810 notas,
1175 1765 1307 1813 quales
1330 1764 1369 1801 in
1392 1762 1447 1803 su-

85 1817 302 1872 perioribus
339 1814 647 1863 obseruauimus‚
697 1818 822 1857 nullas
856 1818 917 1867 hie
944 1818 1159 1869 reperimus
1185 1820 1329 1858 dierum
1353 1833 1447 1859 men-

71 1875 221 1930 fiumue,
246 1872 384 1924 quibus
411 1884 456 1911 ea
475 1871 691 1925 contigerit,
721 1874 761 1912 in
790 1873 913 1913 forma
938 1873 1222 1927 Nabonaffizrea,
1249 1878 1447 1930 Aegyptia-

85 1945 223 1970 corum.
278 1930 390 1968 Hanc
410 1941 504 1980 ergo
524 1928 681 1981 Eclipfin
699 1928 723 1967 fi
746 1929 787 1968 in
811 1931 938 1969 animo
957 1929 1166 1970 habuerint
1195 1932 1364 1970 iuniores
1385 1932 1446 1971 ali-

86 1988 153 2038 qui
180 1987 357 2026 Tarrutio
387 1982 594 2037 Astrologi,
638 1988 737 2024 'anni
768 1987 906 2037 potius,
929 1999 1007 2037 quo
1036 1984 1239 2026 decesserit
1265 1987 1448 2033 Romulus,

84 2057 200 2095 quam
219 2043 301 2089 diet,
321 2050 451 2079 notam
470 2041 565 2079 inde
584 2041 796 2092 petendam
827 2042 1042 2082 arbitrarer.
1097 2045 1196 2082 Nam
1225 2058 1312 2083 cum
1347 2046 1450 2083 nonis

85 2109 190 2139 certe
213 2098 427 2150 Caprotinis
446 2108 654 2135 commune
678 2097 774 2136 nihil
801 2098 947 2138 habere
965 2109 1145 2149 poterant
1172 2099 1254 2138 dies
1276 2100 1330 2138 illi
1347 2101 1450 2140 Maii

84 2155 233 2201 Iuliani,
262 2154 330 2203 qui
351 2151 468 2204 spatio
487 2151 574 2192 fere
597 2151 756 2204 bimestri
781 2155 862 2193 illas
892 2152 1179 2205 praecess'erint.
1236 2156 1365 2195 Multo
1384 2170 1446 2197 au-

32 2229 34 2231 ·
87 2221 166 2250 tem
201 2210 326 2249 minus
356 2207 495 2261 Eclipst
519 2207 656 2248 affines
686 2220 796 2249 erant
826 2221 940 2249 verae
964 2224 1079 2249 nonae
1110 2211 1197 2250 Iulii
1223 2215 1356 2252 veteris
1381 2214 1447 2261 Ca-

82 2270 260 2320 protinae,
305 2277 376 2317 pro
400 2264 490 2316 fitu,
525 2276 643 2315 quem
676 2262 876 2305 habebant
905 2268 945 2304 in
981 2267 1080 2306 illius
1116 2269 1227 2319 cycli
1263 2270 1450 2309 Metonict‘

87 2336 191 2362 anno
215 2335 273 2360 xl.
295 2320 594 2361 Concurrebant
613 2334 730 2359 nonae
750 2321 839 2362 illae
866 2335 953 2362 cum
972 2322 1059 2362 Iulii
1082 2324 1219 2362 Iuliani
1248 2324 1371 2365 diebus
1390 2331 1449 2385 {3-

84 2390 122 2428 Is
143 2389 217 2428 dies
237 2398 316 2426 erat
346 2383 669 2426 Hecatombaeonis
685 2388 804 2428 Attici
823 2401 904 2430 mx.
934 2387 1018 2429 saris
1047 2401 1216 2429 remotus
1243 2391 1290 2430 ab
1322 2391 1452 2431 vtrius-

88 2456 168 2494 que
193 2443 387 2482 luminaris
416 2444 589 2481 terminis
618 2445 818 2496 Eclipticis‚
852 2456 928 2485 tam
954 2446 1165 2493 Heumann,
1187 2459 1302 2496 quam
1334 2448 1450 2489 etiam

86 2498 297 2541 Nouilunii.
353 2498 525 2550 Longius
552 2499 678 2538 adhuc
706 2499 893 2540 distabant
921 2517 942 2540 a
960 2502 1065 2541 Maii
1089 2503 1226 2541 iuliani
1253 2503 1317 2541 die
1338 2516 1450 2543 xxvx-

88 2568 160 2606 pro
195 2554 409 2593 calendario
440 2557 564 2601 veteri,
596 2568 673 2604 quo
694 2556 838 2595 Martii
869 2559 997 2596 locum
1036 2569 1215 2596 tenuerat
1242 2559 1447 2598 Ianuarius.

89 2610 153 2653 Sic
175 2610 282 2649 enim
301 2610 341 2649 in
358 2610 516 2665 Augusta
537 2611 676 2651 Iuliani
697 2613 770 2652 dies
794 2617 833 2643 ¹³
874 2614 1138 2661 incurrebant,
1166 2615 1234 2664 qui
1260 2616 1341 2653 dies
1365 2626 1448 2653 erat

788 2644 848 2675 tz-

1320 2681 1447 2722 Meta-

1365 2806 1380 2822 Ι

1455 1763 1541 1794 nihss

1456 1808 1553 1850 quic-

1454 1863 1550 1895 quam

1453 1907 1527 1929 curn
1547 1900 1610 1935 die,

1457 1953 1524 1984 quo
1556 1943 1608 1974 di-

1458 1987 1608 2020 cnurex-

1458 2031 1564 2073 cfflstffb

1459 2079 1578 2109 Romu·

1455 2124 1608 2159 laneoru-

1456 2177 1556 2198 mune

1455 2211 1600 2245 habuisse

1459 2256 1563 2288 verist-

1456 2301 1535 2334 mile
1552 2302 1607 2335 est·
